<?xml version="1.0" encoding="UTF-8"?>
<!DOCTYPE html PUBLIC "-//W3C//DTD XHTML 1.0 Transitional//EN"
    "http://www.w3.org/TR/xhtml1/DTD/xhtml1-transitional.dtd">
<html xmlns="http://www.w3.org/1999/xhtml" xml:lang="en" lang="en">
 <head>
  <title>
</title>
<meta http-equiv="Content-Type" content="text/html;charset=utf-8" />
  <meta name='ocr-system' content='tesseract 3.04.00' />
  <meta name='ocr-capabilities' content='ocr_page ocr_carea ocr_par ocr_line ocrx_word'/>
</head>
<body>
  <div class='ocr_page' id='page_1' title='image "./relationenvenet14fiedgoog_0223.png"; bbox 0 0 3167 5125; ppageno 0'>
   <div class='ocr_carea' id='block_1_1' title="bbox 1182 290 1254 364">
    <p class='ocr_par' dir='ltr' id='par_1_1' title="bbox 1182 290 1254 364">
     <span class='ocr_line' id='line_1_1' title="bbox 1182 290 1254 364; baseline -0.014 0"><span class='ocrx_word' id='word_1_1' title='bbox 1182 290 1254 364; x_wconf 83' lang='lat' dir='ltr'><strong>too</strong></span> 
     </span>
    </p>
   </div>
   <div class='ocr_carea' id='block_1_2' title="bbox 31 462 1452 4437">
    <p class='ocr_par' dir='ltr' id='par_1_2' title="bbox 31 462 1442 2719">
     <span class='ocr_line' id='line_1_2' title="bbox 86 462 1262 550; baseline 0.002 -22"><span class='ocrx_word' id='word_1_2' title='bbox 86 465 208 548; x_wconf 85' lang='lat' dir='ltr'><strong>pessima</strong></span> <span class='ocrx_word' id='word_1_3' title='bbox 223 463 419 548; x_wconf 76' lang='lat' dir='ltr'><strong>dispositione</strong></span> <span class='ocrx_word' id='word_1_4' title='bbox 434 465 562 532; x_wconf 86' lang='lat' dir='ltr'><strong>oonuien</strong></span> <span class='ocrx_word' id='word_1_5' title='bbox 577 463 672 532; x_wconf 87' lang='lat' dir='ltr'><strong>hauer</strong></span> <span class='ocrx_word' id='word_1_6' title='bbox 685 463 889 550; x_wconf 81' lang='lat' dir='ltr'><strong>l&#39;lmperatore</strong></span> <span class='ocrx_word' id='word_1_7' title='bbox 903 483 992 530; x_wconf 80' lang='grc'><strong>11111</strong></span> <span class='ocrx_word' id='word_1_8' title='bbox 1008 462 1040 528; x_wconf 86' lang='lat' dir='ltr'><strong>di</strong></span> <span class='ocrx_word' id='word_1_9' title='bbox 1053 462 1111 536; x_wconf 87' lang='lat' dir='ltr'><strong>lui,</strong></span> <span class='ocrx_word' id='word_1_10' title='bbox 1132 462 1181 528; x_wconf 79' lang='lat' dir='ltr'><strong>mla</strong></span> <span class='ocrx_word' id='word_1_11' title='bbox 1196 463 1262 530; x_wconf 83' lang='lat' dir='ltr'><strong>inr-</strong></span> 
     </span>
     <span class='ocr_line' id='line_1_3' title="bbox 86 572 1275 656; baseline 0 -18"><span class='ocrx_word' id='word_1_12' title='bbox 86 573 226 646; x_wconf 83' lang='lat' dir='ltr'><strong>stratoria,</strong></span> <span class='ocrx_word' id='word_1_13' title='bbox 243 578 274 640; x_wconf 91' lang='lat' dir='ltr'><strong>et</strong></span> <span class='ocrx_word' id='word_1_14' title='bbox 289 593 376 639; x_wconf 86' lang='lat' dir='ltr'><strong>uana.</strong></span> <span class='ocrx_word' id='word_1_15' title='bbox 397 574 478 638; x_wconf 87' lang='lat' dir='ltr'><strong>1le</strong></span> <span class='ocrx_word' id='word_1_16' title='bbox 494 573 524 637; x_wconf 95' lang='lat' dir='ltr'><strong>di</strong></span> <span class='ocrx_word' id='word_1_17' title='bbox 541 573 645 640; x_wconf 86' lang='lat' dir='ltr'><strong>Suetia</strong></span> <span class='ocrx_word' id='word_1_18' title='bbox 660 573 691 637; x_wconf 93' lang='lat' dir='ltr'><strong>in</strong></span> <span class='ocrx_word' id='word_1_19' title='bbox 706 573 781 638; x_wconf 88' lang='lat' dir='ltr'><strong>altro</strong></span> <span class='ocrx_word' id='word_1_20' title='bbox 804 578 906 656; x_wconf 82' lang='lat' dir='ltr'><strong>tempo</strong></span> <span class='ocrx_word' id='word_1_21' title='bbox 921 572 1161 638; x_wconf 84' lang='lat' dir='ltr'><strong>sioonsideraua</strong></span> <span class='ocrx_word' id='word_1_22' title='bbox 1175 592 1275 638; x_wconf 84' lang='lat' dir='ltr'><strong>osme-</strong></span> 
     </span>
     <span class='ocr_line' id='line_1_4' title="bbox 86 681 1263 768; baseline -0.003 -20"><span class='ocrx_word' id='word_1_23' title='bbox 86 683 233 766; x_wconf 82' lang='lat' dir='ltr'><strong>Proneipe‚</strong></span> <span class='ocrx_word' id='word_1_24' title='bbox 248 681 306 751; x_wconf 84' lang='lat' dir='ltr'><strong>ohe</strong></span> <span class='ocrx_word' id='word_1_25' title='bbox 321 703 382 751; x_wconf 88' lang='lat' dir='ltr'><strong>non</strong></span> <span class='ocrx_word' id='word_1_26' title='bbox 397 681 527 750; x_wconf 83' lang='lat' dir='ltr'><strong>hauesee</strong></span> <span class='ocrx_word' id='word_1_27' title='bbox 548 681 606 746; x_wconf 89' lang='lat' dir='ltr'><strong>ohe</strong></span> <span class='ocrx_word' id='word_1_28' title='bbox 622 683 669 746; x_wconf 84' lang='lat' dir='ltr'><strong>far</strong></span> <span class='ocrx_word' id='word_1_29' title='bbox 684 701 743 748; x_wconf 86' lang='lat' dir='ltr'><strong>oon</strong></span> <span class='ocrx_word' id='word_1_30' title='bbox 767 681 970 766; x_wconf 84' lang='lat' dir='ltr'><strong>l&#39;lmperntore</strong></span> <span class='ocrx_word' id='word_1_31' title='bbox 986 701 1047 748; x_wconf 90' lang='lat' dir='ltr'><strong>non</strong></span> <span class='ocrx_word' id='word_1_32' title='bbox 1066 681 1196 768; x_wconf 77' lang='lat' dir='ltr'><strong>tenendo</strong></span> <span class='ocrx_word' id='word_1_33' title='bbox 1218 681 1263 745; x_wconf 87' lang='lat' dir='ltr'><strong>al·</strong></span> 
     </span>
     <span class='ocr_line' id='line_1_5' title="bbox 86 789 1263 875; baseline 0 -19"><span class='ocrx_word' id='word_1_34' title='bbox 86 790 364 875; x_wconf 82' lang='lat' dir='ltr'><strong>onnadipendenna,</strong></span> <span class='ocrx_word' id='word_1_35' title='bbox 380 811 419 858; x_wconf 92' lang='lat' dir='ltr'><strong>ne</strong></span> <span class='ocrx_word' id='word_1_36' title='bbox 434 789 578 856; x_wconf 78' lang='lat' dir='ltr'><strong>relatione</strong></span> <span class='ocrx_word' id='word_1_37' title='bbox 593 809 652 856; x_wconf 86' lang='lat' dir='ltr'><strong>eon</strong></span> <span class='ocrx_word' id='word_1_38' title='bbox 665 789 815 874; x_wconf 88' lang='lat' dir='ltr'><strong>l&#39;lmperio</strong></span> <span class='ocrx_word' id='word_1_39' title='bbox 831 809 923 854; x_wconf 84' lang='lat' dir='ltr'><strong>senaa</strong></span> <span class='ocrx_word' id='word_1_40' title='bbox 938 789 1189 856; x_wconf 78' lang='lat' dir='ltr'><strong>communication</strong></span> <span class='ocrx_word' id='word_1_41' title='bbox 1204 808 1263 856; x_wconf 88' lang='lat' dir='ltr'><strong>oon</strong></span> 
     </span>
     <span class='ocr_line' id='line_1_6' title="bbox 83 897 1265 983; baseline -0.002 -19"><span class='ocrx_word' id='word_1_42' title='bbox 83 899 290 976; x_wconf 83' lang='lat' dir='ltr'><strong>lnGermania‚</strong></span> <span class='ocrx_word' id='word_1_43' title='bbox 306 904 423 966; x_wconf 88' lang='lat' dir='ltr'><strong>eeoetto</strong></span> <span class='ocrx_word' id='word_1_44' title='bbox 440 899 497 966; x_wconf 87' lang='lat' dir='ltr'><strong>ohe</strong></span> <span class='ocrx_word' id='word_1_45' title='bbox 509 918 564 983; x_wconf 89' lang='lat' dir='ltr'><strong>per</strong></span> <span class='ocrx_word' id='word_1_46' title='bbox 573 897 726 964; x_wconf 76' lang='lat' dir='ltr'><strong>necessitl</strong></span> <span class='ocrx_word' id='word_1_47' title='bbox 741 899 772 963; x_wconf 90' lang='lat' dir='ltr'><strong>di</strong></span> <span class='ocrx_word' id='word_1_48' title='bbox 786 900 909 982; x_wconf 80' lang='lat' dir='ltr'><strong>negotio</strong></span> <span class='ocrx_word' id='word_1_49' title='bbox 925 898 1002 963; x_wconf 87' lang='grc'><strong>11111</strong></span> <span class='ocrx_word' id='word_1_50' title='bbox 1017 897 1091 964; x_wconf 77' lang='lat' dir='ltr'><strong>eittd</strong></span> <span class='ocrx_word' id='word_1_51' title='bbox 1101 899 1265 970; x_wconf 70' lang='lat' dir='ltr'><strong>maritimez</strong></span> 
     </span>
     <span class='ocr_line' id='line_1_7' title="bbox 87 1005 1267 1090; baseline -0.002 -18"><span class='ocrx_word' id='word_1_52' title='bbox 87 1029 142 1080; x_wconf 89' lang='lat' dir='ltr'><strong>non</strong></span> <span class='ocrx_word' id='word_1_53' title='bbox 156 1029 190 1072; x_wconf 90' lang='lat' dir='ltr'><strong>se</strong></span> <span class='ocrx_word' id='word_1_54' title='bbox 204 1009 233 1072; x_wconf 87' lang='lat' dir='ltr'><strong>le</strong></span> <span class='ocrx_word' id='word_1_55' title='bbox 247 1007 427 1082; x_wconf 84' lang='lat' dir='ltr'><strong>riltlettena,</strong></span> <span class='ocrx_word' id='word_1_56' title='bbox 442 1007 586 1090; x_wconf 75' lang='lat' dir='ltr'><strong>parendo,</strong></span> <span class='ocrx_word' id='word_1_57' title='bbox 609 1005 667 1074; x_wconf 80' lang='grc'><strong>1111</strong></span> <span class='ocrx_word' id='word_1_58' title='bbox 690 1006 900 1072; x_wconf 81' lang='lat' dir='ltr'><strong>attendessero</strong></span> <span class='ocrx_word' id='word_1_59' title='bbox 916 1007 986 1090; x_wconf 84' lang='lat' dir='ltr'><strong>(proi</strong></span> <span class='ocrx_word' id='word_1_60' title='bbox 1007 1005 1226 1070; x_wconf 82' lang='lat' dir='ltr'><strong>settentrionali</strong></span> <span class='ocrx_word' id='word_1_61' title='bbox 1247 1009 1267 1070; x_wconf 79' lang='lat' dir='ltr'><strong>a</strong></span> 
     </span>
     <span class='ocr_line' id='line_1_8' title="bbox 87 1112 1267 1202; baseline -0.003 -20"><span class='ocrx_word' id='word_1_62' title='bbox 87 1117 176 1182; x_wconf 79' lang='lat' dir='ltr'><strong>nostri</strong></span> <span class='ocrx_word' id='word_1_63' title='bbox 197 1117 291 1202; x_wconf 85' lang='lat' dir='ltr'><strong>tempi</strong></span> <span class='ocrx_word' id='word_1_64' title='bbox 307 1118 345 1181; x_wconf 88' lang='lat' dir='ltr'><strong>ed</strong></span> <span class='ocrx_word' id='word_1_65' title='bbox 361 1115 569 1182; x_wconf 88' lang='lat' dir='ltr'><strong>aoeomodersi</strong></span> <span class='ocrx_word' id='word_1_66' title='bbox 590 1115 668 1180; x_wconf 86' lang='lat' dir='ltr'><strong>bene</strong></span> <span class='ocrx_word' id='word_1_67' title='bbox 691 1115 768 1182; x_wconf 92' lang='lat' dir='ltr'><strong>nelle</strong></span> <span class='ocrx_word' id='word_1_68' title='bbox 790 1136 862 1181; x_wconf 85' lang='lat' dir='ltr'><strong>ease</strong></span> <span class='ocrx_word' id='word_1_69' title='bbox 883 1116 958 1188; x_wconf 86' lang='lat' dir='ltr'><strong>loro,</strong></span> <span class='ocrx_word' id='word_1_70' title='bbox 984 1135 1075 1180; x_wconf 85' lang='lat' dir='ltr'><strong>senno</strong></span> <span class='ocrx_word' id='word_1_71' title='bbox 1089 1134 1201 1198; x_wconf 82' lang='lat' dir='ltr'><strong>pensan·</strong></span> <span class='ocrx_word' id='word_1_72' title='bbox 1214 1112 1267 1196; x_wconf 83' lang='lat' dir='ltr'><strong>pid</strong></span> 
     </span>
     <span class='ocr_line' id='line_1_9' title="bbox 31 1211 1435 1309; baseline -0.003 -19"><span class='ocrx_word' id='word_1_73' title='bbox 31 1277 32 1296; x_wconf 64' lang='grc'>,</span> <span class='ocrx_word' id='word_1_74' title='bbox 87 1226 174 1300; x_wconf 88' lang='lat' dir='ltr'><strong>oltre;</strong></span> <span class='ocrx_word' id='word_1_75' title='bbox 198 1225 249 1292; x_wconf 76' lang='lat' dir='ltr'><strong>md</strong></span> <span class='ocrx_word' id='word_1_76' title='bbox 270 1225 448 1309; x_wconf 88' lang='lat' dir='ltr'><strong>ilpresente</strong></span> <span class='ocrx_word' id='word_1_77' title='bbox 462 1226 507 1296; x_wconf 81' lang='lat' dir='ltr'><strong>ltd</strong></span> <span class='ocrx_word' id='word_1_78' title='bbox 522 1224 562 1290; x_wconf 77' lang='lat' dir='ltr'><strong>ht</strong></span> <span class='ocrx_word' id='word_1_79' title='bbox 576 1229 690 1292; x_wconf 86' lang='lat' dir='ltr'><strong>mutato</strong></span> <span class='ocrx_word' id='word_1_80' title='bbox 704 1225 735 1290; x_wconf 89' lang='lat' dir='ltr'><strong>la</strong></span> <span class='ocrx_word' id='word_1_81' title='bbox 749 1225 871 1308; x_wconf 81' lang='lat' dir='ltr'><strong>regola,</strong></span> <span class='ocrx_word' id='word_1_82' title='bbox 903 1231 935 1292; x_wconf 90' lang='lat' dir='ltr'><strong>et</strong></span> <span class='ocrx_word' id='word_1_83' title='bbox 954 1224 993 1292; x_wconf 80' lang='grc'><strong>11</strong></span> <span class='ocrx_word' id='word_1_84' title='bbox 1013 1223 1142 1290; x_wconf 84' lang='lat' dir='ltr'><strong>faoendo</strong></span> <span class='ocrx_word' id='word_1_85' title='bbox 1162 1223 1175 1286; x_wconf 89' lang='lat' dir='ltr'><strong>i</strong></span> <span class='ocrx_word' id='word_1_86' title='bbox 1195 1242 1267 1306; x_wconf 85' lang='lat' dir='ltr'><strong>pro·</strong></span> <span class='ocrx_word' id='word_1_87' title='bbox 1323 1221 1378 1273; x_wconf 68' lang='lat' dir='ltr'><strong>Fol·</strong></span> <span class='ocrx_word' id='word_1_88' title='bbox 1392 1211 1435 1272; x_wconf 76' lang='lat'><strong>8⁰·</strong></span> 
     </span>
     <span class='ocr_line' id='line_1_10' title="bbox 31 1299 1378 1428; baseline -0.004 -30"><span class='ocrx_word' id='word_1_89' title='bbox 31 1299 33 1428; x_wconf 69' lang='grc'><strong>1</strong></span> <span class='ocrx_word' id='word_1_90' title='bbox 86 1334 188 1416; x_wconf 79' lang='lat' dir='ltr'><strong>gressi,</strong></span> <span class='ocrx_word' id='word_1_91' title='bbox 204 1333 263 1401; x_wconf 81' lang='grc'><strong>1111</strong></span> <span class='ocrx_word' id='word_1_92' title='bbox 285 1334 474 1404; x_wconf 77' lang='lat' dir='ltr'><strong>s&#39;intentlono</strong></span> <span class='ocrx_word' id='word_1_93' title='bbox 490 1332 561 1417; x_wconf 81' lang='lat' dir='ltr'><strong>ogni</strong></span> <span class='ocrx_word' id='word_1_94' title='bbox 577 1333 695 1416; x_wconf 81' lang='lat' dir='ltr'><strong>giorno,</strong></span> <span class='ocrx_word' id='word_1_95' title='bbox 718 1333 756 1398; x_wconf 90' lang='lat' dir='ltr'><strong>de</strong></span> <span class='ocrx_word' id='word_1_96' title='bbox 773 1333 853 1420; x_wconf 78' lang='lat' dir='ltr'><strong>quali</strong></span> <span class='ocrx_word' id='word_1_97' title='bbox 867 1333 936 1418; x_wconf 78' lang='lat' dir='ltr'><strong>qual</strong></span> <span class='ocrx_word' id='word_1_98' title='bbox 951 1330 1126 1396; x_wconf 76' lang='lat' dir='ltr'><strong>omninno·</strong></span> <span class='ocrx_word' id='word_1_99' title='bbox 1143 1351 1230 1396; x_wconf 87' lang='lat' dir='ltr'><strong>esser</strong></span> <span class='ocrx_word' id='word_1_100' title='bbox 1245 1330 1266 1392; x_wconf 92' lang='lat' dir='ltr'><strong>il</strong></span> <span class='ocrx_word' id='word_1_101' title='bbox 1374 1385 1378 1393; x_wconf 88' lang='lat'><em>.</em></span> 
     </span>
     <span class='ocr_line' id='line_1_11' title="bbox 86 1440 836 1536; baseline -0.004 -27"><span class='ocrx_word' id='word_1_102' title='bbox 86 1440 181 1512; x_wconf 85' lang='lat' dir='ltr'><strong>inelo</strong></span> <span class='ocrx_word' id='word_1_103' title='bbox 197 1443 313 1513; x_wconf 79' lang='grc'><strong>111111.</strong></span> <span class='ocrx_word' id='word_1_104' title='bbox 830 1525 836 1536; x_wconf 31' lang='grc' dir='ltr'>ι</span> 
     </span>
     <span class='ocr_line' id='line_1_12' title="bbox 31 1549 1266 1634; baseline -0.006 -15"><span class='ocrx_word' id='word_1_105' title='bbox 31 1599 32 1602; x_wconf 63' lang='lat'>,</span> <span class='ocrx_word' id='word_1_106' title='bbox 167 1553 263 1619; x_wconf 87' lang='lat' dir='ltr'><strong>Verso</strong></span> <span class='ocrx_word' id='word_1_107' title='bbox 291 1553 372 1624; x_wconf 77' lang='lat' dir='ltr'><strong>illae</strong></span> <span class='ocrx_word' id='word_1_108' title='bbox 386 1551 594 1634; x_wconf 77' lang='lat' dir='ltr'><strong>d&#39;lnglrilterra</strong></span> <span class='ocrx_word' id='word_1_109' title='bbox 622 1552 728 1622; x_wconf 86' lang='lat' dir='ltr'><strong>nonni</strong></span> <span class='ocrx_word' id='word_1_110' title='bbox 751 1550 810 1634; x_wconf 79' lang='lat' dir='ltr'><strong>pud</strong></span> <span class='ocrx_word' id='word_1_111' title='bbox 825 1571 912 1616; x_wconf 83' lang='lat' dir='ltr'><strong>esser</strong></span> <span class='ocrx_word' id='word_1_112' title='bbox 932 1550 1031 1616; x_wconf 88' lang='lat' dir='ltr'><strong>hnona</strong></span> <span class='ocrx_word' id='word_1_113' title='bbox 1058 1549 1266 1632; x_wconf 84' lang='lat' dir='ltr'><strong>dispositione,</strong></span> 
     </span>
     <span class='ocr_line' id='line_1_13' title="bbox 87 1658 1267 1745; baseline 0 -23"><span class='ocrx_word' id='word_1_114' title='bbox 87 1662 143 1726; x_wconf 89' lang='lat' dir='ltr'><strong>oosl</strong></span> <span class='ocrx_word' id='word_1_115' title='bbox 156 1661 246 1744; x_wconf 90' lang='lat' dir='ltr'><strong>peril</strong></span> <span class='ocrx_word' id='word_1_116' title='bbox 263 1681 339 1745; x_wconf 81' lang='lat' dir='ltr'><strong>napo</strong></span> <span class='ocrx_word' id='word_1_117' title='bbox 362 1661 440 1726; x_wconf 90' lang='lat' dir='ltr'><strong>della</strong></span> <span class='ocrx_word' id='word_1_118' title='bbox 459 1661 616 1744; x_wconf 80' lang='lat' dir='ltr'><strong>religione,</strong></span> <span class='ocrx_word' id='word_1_119' title='bbox 640 1679 725 1729; x_wconf 90' lang='lat' dir='ltr'><strong>oome</strong></span> <span class='ocrx_word' id='word_1_120' title='bbox 741 1660 854 1743; x_wconf 79' lang='lat' dir='ltr'><strong>perche</strong></span> <span class='ocrx_word' id='word_1_121' title='bbox 870 1659 904 1722; x_wconf 80' lang='lat' dir='ltr'><strong>si</strong></span> <span class='ocrx_word' id='word_1_122' title='bbox 919 1660 1138 1744; x_wconf 81' lang='lat' dir='ltr'><strong>l’lmperatore,</strong></span> <span class='ocrx_word' id='word_1_123' title='bbox 1156 1658 1213 1723; x_wconf 87' lang='lat' dir='ltr'><strong>ohe</strong></span> <span class='ocrx_word' id='word_1_124' title='bbox 1236 1658 1267 1722; x_wconf 88' lang='lat' dir='ltr'><strong>ei</strong></span> 
     </span>
     <span class='ocr_line' id='line_1_14' title="bbox 88 1765 1264 1852; baseline -0.001 -20"><span class='ocrx_word' id='word_1_125' title='bbox 88 1768 154 1834; x_wconf 88' lang='lat' dir='ltr'><strong>ottre</strong></span> <span class='ocrx_word' id='word_1_126' title='bbox 174 1769 290 1836; x_wconf 85' lang='lat' dir='ltr'><strong>fauorir</strong></span> <span class='ocrx_word' id='word_1_127' title='bbox 310 1769 350 1852; x_wconf 75' lang='lat' dir='ltr'><strong>gl’</strong></span> <span class='ocrx_word' id='word_1_128' title='bbox 373 1769 514 1837; x_wconf 87' lang='lat' dir='ltr'><strong>interessi</strong></span> <span class='ocrx_word' id='word_1_129' title='bbox 536 1770 585 1834; x_wconf 88' lang='lat' dir='ltr'><strong>del</strong></span> <span class='ocrx_word' id='word_1_130' title='bbox 606 1769 740 1835; x_wconf 86' lang='lat' dir='ltr'><strong>Palatino</strong></span> <span class='ocrx_word' id='word_1_131' title='bbox 755 1789 811 1836; x_wconf 87' lang='lat' dir='ltr'><strong>suo</strong></span> <span class='ocrx_word' id='word_1_132' title='bbox 834 1774 983 1852; x_wconf 80' lang='lat' dir='ltr'><strong>cognato,</strong></span> <span class='ocrx_word' id='word_1_133' title='bbox 1009 1789 1070 1834; x_wconf 92' lang='lat' dir='ltr'><strong>non</strong></span> <span class='ocrx_word' id='word_1_134' title='bbox 1084 1786 1191 1832; x_wconf 86' lang='lat' dir='ltr'><strong>manea</strong></span> <span class='ocrx_word' id='word_1_135' title='bbox 1206 1765 1264 1850; x_wconf 81' lang='lat' dir='ltr'><strong>agl&#39;</strong></span> 
     </span>
     <span class='ocr_line' id='line_1_15' title="bbox 88 1875 1268 1961; baseline -0.006 -14"><span class='ocrx_word' id='word_1_136' title='bbox 88 1875 145 1947; x_wconf 69' lang='lat' dir='ltr'><strong>altri</strong></span> <span class='ocrx_word' id='word_1_137' title='bbox 160 1878 341 1959; x_wconf 88' lang='lat' dir='ltr'><strong>protestanti</strong></span> <span class='ocrx_word' id='word_1_138' title='bbox 353 1877 384 1944; x_wconf 91' lang='lat' dir='ltr'><strong>di</strong></span> <span class='ocrx_word' id='word_1_139' title='bbox 396 1877 566 1952; x_wconf 83' lang='lat' dir='ltr'><strong>Germania,</strong></span> <span class='ocrx_word' id='word_1_140' title='bbox 580 1879 612 1944; x_wconf 93' lang='lat' dir='ltr'><strong>in</strong></span> <span class='ocrx_word' id='word_1_141' title='bbox 624 1878 747 1942; x_wconf 87' lang='lat' dir='ltr'><strong>seruitio</strong></span> <span class='ocrx_word' id='word_1_142' title='bbox 763 1876 803 1942; x_wconf 87' lang='lat' dir='ltr'><strong>de</strong></span> <span class='ocrx_word' id='word_1_143' title='bbox 818 1878 900 1961; x_wconf 91' lang='lat' dir='ltr'><strong>qnali</strong></span> <span class='ocrx_word' id='word_1_144' title='bbox 915 1898 950 1942; x_wconf 91' lang='lat' dir='ltr'><strong>se</strong></span> <span class='ocrx_word' id='word_1_145' title='bbox 966 1898 1026 1942; x_wconf 91' lang='lat' dir='ltr'><strong>non</strong></span> <span class='ocrx_word' id='word_1_146' title='bbox 1040 1897 1133 1960; x_wconf 88' lang='lat' dir='ltr'><strong>opera</strong></span> <span class='ocrx_word' id='word_1_147' title='bbox 1144 1877 1268 1941; x_wconf 83' lang='lat' dir='ltr'><strong>d’eoan·</strong></span> 
     </span>
     <span class='ocr_line' id='line_1_16' title="bbox 31 1982 1442 2088; baseline 0.002 -42"><span class='ocrx_word' id='word_1_148' title='bbox 31 2031 32 2088; x_wconf 27' lang='grc'><strong>1</strong></span> <span class='ocrx_word' id='word_1_149' title='bbox 86 1983 191 2066; x_wconf 84' lang='lat' dir='ltr'><strong>taggio,</strong></span> <span class='ocrx_word' id='word_1_150' title='bbox 206 1987 341 2069; x_wconf 89' lang='lat' dir='ltr'><strong>prooede</strong></span> <span class='ocrx_word' id='word_1_151' title='bbox 357 1987 421 2052; x_wconf 88' lang='lat' dir='ltr'><strong>solo</strong></span> <span class='ocrx_word' id='word_1_152' title='bbox 438 1987 514 2052; x_wconf 83' lang='lat' dir='ltr'><strong>della</strong></span> <span class='ocrx_word' id='word_1_153' title='bbox 531 1986 700 2052; x_wconf 88' lang='lat' dir='ltr'><strong>eornttione</strong></span> <span class='ocrx_word' id='word_1_154' title='bbox 716 1986 781 2052; x_wconf 90' lang='lat' dir='ltr'><strong>solo</strong></span> <span class='ocrx_word' id='word_1_155' title='bbox 798 1986 829 2051; x_wconf 91' lang='lat' dir='ltr'><strong>di</strong></span> <span class='ocrx_word' id='word_1_156' title='bbox 844 1987 913 2071; x_wconf 89' lang='lat' dir='ltr'><strong>qnel</strong></span> <span class='ocrx_word' id='word_1_157' title='bbox 929 2007 1073 2070; x_wconf 86' lang='lat' dir='ltr'><strong>gouerno.</strong></span> <span class='ocrx_word' id='word_1_158' title='bbox 1317 1983 1373 2038; x_wconf 73' lang='lat' dir='ltr'><strong>Fet.</strong></span> <span class='ocrx_word' id='word_1_159' title='bbox 1387 1982 1442 2036; x_wconf 70' lang='grc' dir='ltr'><strong>ὅθ’-</strong></span> 
     </span>
     <span class='ocr_line' id='line_1_17' title="bbox 31 2094 1266 2190; baseline -0.002 -32"><span class='ocrx_word' id='word_1_160' title='bbox 31 2135 33 2190; x_wconf 57' lang='lat'>3</span> <span class='ocrx_word' id='word_1_161' title='bbox 164 2094 345 2163; x_wconf 83' lang='lat' dir='ltr'><strong>lnleruenne</strong></span> <span class='ocrx_word' id='word_1_162' title='bbox 364 2095 422 2161; x_wconf 85' lang='lat' dir='ltr'><strong>nlla</strong></span> <span class='ocrx_word' id='word_1_163' title='bbox 435 2096 525 2162; x_wconf 88' lang='lat' dir='ltr'><strong>Dieta</strong></span> <span class='ocrx_word' id='word_1_164' title='bbox 546 2096 577 2160; x_wconf 90' lang='lat' dir='ltr'><strong>di</strong></span> <span class='ocrx_word' id='word_1_165' title='bbox 591 2095 754 2161; x_wconf 79' lang='lat' dir='ltr'><strong>Ransnonn</strong></span> <span class='ocrx_word' id='word_1_166' title='bbox 776 2117 817 2160; x_wconf 86' lang='lat' dir='ltr'><strong>nn</strong></span> <span class='ocrx_word' id='word_1_167' title='bbox 836 2096 930 2161; x_wconf 82' lang='lat' dir='ltr'><strong>Arnb&#39;.</strong></span> <span class='ocrx_word' id='word_1_168' title='bbox 947 2094 975 2182; x_wconf 88' lang='lat'><strong>1)</strong></span> <span class='ocrx_word' id='word_1_169' title='bbox 1000 2094 1115 2178; x_wconf 81' lang='lat' dir='ltr'><strong>diquel</strong></span> <span class='ocrx_word' id='word_1_170' title='bbox 1141 2094 1185 2162; x_wconf 83' lang='lat' dir='ltr'><strong>ltd</strong></span> <span class='ocrx_word' id='word_1_171' title='bbox 1211 2112 1266 2177; x_wconf 89' lang='lat' dir='ltr'><strong>per</strong></span> 
     </span>
     <span class='ocr_line' id='line_1_18' title="bbox 86 2198 1268 2285; baseline 0.005 -24.733"><span class='ocrx_word' id='word_1_172' title='bbox 86 2198 103 2260; x_wconf 87' lang='lat' dir='ltr'><strong>il</strong></span> <span class='ocrx_word' id='word_1_173' title='bbox 125 2202 244 2284; x_wconf 79' lang='lat' dir='ltr'><strong>negotio</strong></span> <span class='ocrx_word' id='word_1_174' title='bbox 272 2202 321 2268; x_wconf 89' lang='lat' dir='ltr'><strong>del</strong></span> <span class='ocrx_word' id='word_1_175' title='bbox 347 2203 510 2275; x_wconf 80' lang='lat' dir='ltr'><strong>Palatino,</strong></span> <span class='ocrx_word' id='word_1_176' title='bbox 537 2203 606 2268; x_wconf 90' lang='lat' dir='ltr'><strong>elo</strong></span> <span class='ocrx_word' id='word_1_177' title='bbox 633 2203 737 2270; x_wconf 86' lang='lat' dir='ltr'><strong>lasoiai</strong></span> <span class='ocrx_word' id='word_1_178' title='bbox 759 2223 836 2268; x_wconf 86' lang='lat' dir='ltr'><strong>aneo</strong></span> <span class='ocrx_word' id='word_1_179' title='bbox 852 2203 871 2266; x_wconf 77' lang='lat' dir='ltr'><strong>a</strong></span> <span class='ocrx_word' id='word_1_180' title='bbox 889 2202 983 2270; x_wconf 87' lang='lat' dir='ltr'><strong>Viena</strong></span> <span class='ocrx_word' id='word_1_181' title='bbox 1010 2203 1088 2267; x_wconf 90' lang='lat' dir='ltr'><strong>nella</strong></span> <span class='ocrx_word' id='word_1_182' title='bbox 1114 2201 1175 2267; x_wconf 86' lang='lat' dir='ltr'><strong>mia</strong></span> <span class='ocrx_word' id='word_1_183' title='bbox 1197 2221 1268 2285; x_wconf 86' lang='lat' dir='ltr'><strong>par-</strong></span> 
     </span>
     <span class='ocr_line' id='line_1_19' title="bbox 31 2295 1270 2430; baseline 0.003 -61"><span class='ocrx_word' id='word_1_184' title='bbox 31 2295 33 2430; x_wconf 47' lang='lat' dir='ltr'>i</span> <span class='ocrx_word' id='word_1_185' title='bbox 89 2311 174 2382; x_wconf 81' lang='lat' dir='ltr'><strong>tonna,</strong></span> <span class='ocrx_word' id='word_1_186' title='bbox 190 2310 237 2376; x_wconf 87' lang='lat' dir='ltr'><strong>ool</strong></span> <span class='ocrx_word' id='word_1_187' title='bbox 253 2311 345 2394; x_wconf 86' lang='lat' dir='ltr'><strong>quale</strong></span> <span class='ocrx_word' id='word_1_188' title='bbox 359 2311 386 2374; x_wconf 89' lang='lat' dir='ltr'><strong>si</strong></span> <span class='ocrx_word' id='word_1_189' title='bbox 402 2311 420 2376; x_wconf 85' lang='lat' dir='ltr'><strong>d</strong></span> <span class='ocrx_word' id='word_1_190' title='bbox 434 2312 601 2394; x_wconf 84' lang='lat' dir='ltr'><strong>prooednto</strong></span> <span class='ocrx_word' id='word_1_191' title='bbox 617 2331 737 2396; x_wconf 87' lang='lat' dir='ltr'><strong>sempre</strong></span> <span class='ocrx_word' id='word_1_192' title='bbox 754 2332 813 2376; x_wconf 90' lang='lat' dir='ltr'><strong>oon</strong></span> <span class='ocrx_word' id='word_1_193' title='bbox 826 2311 920 2376; x_wconf 85' lang='lat' dir='ltr'><strong>buoni</strong></span> <span class='ocrx_word' id='word_1_194' title='bbox 942 2295 1117 2376; x_wconf 44' lang='lat' dir='ltr'><strong>termini&#39;ad</strong></span> <span class='ocrx_word' id='word_1_195' title='bbox 1132 2310 1270 2374; x_wconf 81' lang='lat' dir='ltr'><strong>instaura</strong></span> 
     </span>
     <span class='ocr_line' id='line_1_20' title="bbox 87 2413 1270 2505; baseline 0.002 -24.864"><span class='ocrx_word' id='word_1_196' title='bbox 87 2413 121 2480; x_wconf 86' lang='lat' dir='ltr'><strong>de</strong></span> <span class='ocrx_word' id='word_1_197' title='bbox 137 2417 280 2502; x_wconf 83' lang='lat' dir='ltr'><strong>Spagnoli</strong></span> <span class='ocrx_word' id='word_1_198' title='bbox 296 2440 353 2504; x_wconf 90' lang='lat' dir='ltr'><strong>per</strong></span> <span class='ocrx_word' id='word_1_199' title='bbox 367 2421 490 2488; x_wconf 82' lang='lat' dir='ltr'><strong>nutrirlo</strong></span> <span class='ocrx_word' id='word_1_200' title='bbox 507 2421 537 2484; x_wconf 90' lang='lat' dir='ltr'><strong>di</strong></span> <span class='ocrx_word' id='word_1_201' title='bbox 554 2441 716 2505; x_wconf 84' lang='lat' dir='ltr'><strong>speranne,</strong></span> <span class='ocrx_word' id='word_1_202' title='bbox 739 2427 887 2486; x_wconf 85' lang='lat' dir='ltr'><strong>trattener</strong></span> <span class='ocrx_word' id='word_1_203' title='bbox 906 2421 976 2504; x_wconf 85' lang='lat' dir='ltr'><strong>quel</strong></span> <span class='ocrx_word' id='word_1_204' title='bbox 991 2422 1036 2486; x_wconf 78' lang='lat' dir='ltr'><strong>Rd</strong></span> <span class='ocrx_word' id='word_1_205' title='bbox 1051 2420 1128 2484; x_wconf 85' lang='lat' dir='ltr'><strong>dalle</strong></span> <span class='ocrx_word' id='word_1_206' title='bbox 1144 2419 1270 2484; x_wconf 72' lang='grc'><strong>1111111-</strong></span> 
     </span>
     <span class='ocr_line' id='line_1_21' title="bbox 31 2519 1270 2615; baseline 0.002 -27"><span class='ocrx_word' id='word_1_207' title='bbox 31 2519 33 2581; x_wconf 86' lang='lat' dir='ltr'><strong>l</strong></span> <span class='ocrx_word' id='word_1_208' title='bbox 90 2522 152 2589; x_wconf 85' lang='lat' dir='ltr'><strong>tioni</strong></span> <span class='ocrx_word' id='word_1_209' title='bbox 165 2528 388 2613; x_wconf 79' lang='lat' dir='ltr'><strong>pregiodieioli,</strong></span> <span class='ocrx_word' id='word_1_210' title='bbox 407 2535 438 2596; x_wconf 93' lang='lat' dir='ltr'><strong>et</strong></span> <span class='ocrx_word' id='word_1_211' title='bbox 461 2536 594 2614; x_wconf 82' lang='lat' dir='ltr'><strong>aspettar</strong></span> <span class='ocrx_word' id='word_1_212' title='bbox 615 2529 792 2598; x_wconf 87' lang='lat' dir='ltr'><strong>ilbenetltio</strong></span> <span class='ocrx_word' id='word_1_213' title='bbox 810 2530 859 2597; x_wconf 91' lang='lat' dir='ltr'><strong>del</strong></span> <span class='ocrx_word' id='word_1_214' title='bbox 873 2535 994 2615; x_wconf 88' lang='lat' dir='ltr'><strong>tempo;</strong></span> <span class='ocrx_word' id='word_1_215' title='bbox 1020 2529 1068 2595; x_wconf 80' lang='lat' dir='ltr'><strong>ml</strong></span> <span class='ocrx_word' id='word_1_216' title='bbox 1083 2529 1143 2603; x_wconf 87' lang='lat' dir='ltr'><strong>lui,</strong></span> <span class='ocrx_word' id='word_1_217' title='bbox 1170 2527 1228 2593; x_wconf 88' lang='lat' dir='ltr'><strong>ohe</strong></span> <span class='ocrx_word' id='word_1_218' title='bbox 1251 2528 1270 2591; x_wconf 86' lang='lat' dir='ltr'><strong>d</strong></span> 
     </span>
     <span class='ocr_line' id='line_1_22' title="bbox 31 2626 1270 2719; baseline 0.002 -22"><span class='ocrx_word' id='word_1_219' title='bbox 31 2626 33 2719; x_wconf 74' lang='grc'><strong>1</strong></span> <span class='ocrx_word' id='word_1_220' title='bbox 91 2632 160 2701; x_wconf 86' lang='lat' dir='ltr'><strong>luen</strong></span> <span class='ocrx_word' id='word_1_221' title='bbox 174 2639 515 2715; x_wconf 78' lang='lat' dir='ltr'><strong>enudliere,ed·otti1ni</strong></span> <span class='ocrx_word' id='word_1_222' title='bbox 533 2640 625 2714; x_wconf 86' lang='lat' dir='ltr'><strong>sensi,</strong></span> <span class='ocrx_word' id='word_1_223' title='bbox 641 2640 682 2705; x_wconf 90' lang='lat' dir='ltr'><strong>mi</strong></span> <span class='ocrx_word' id='word_1_224' title='bbox 699 2640 806 2705; x_wconf 87' lang='lat' dir='ltr'><strong>dioeua</strong></span> <span class='ocrx_word' id='word_1_225' title='bbox 820 2640 1016 2704; x_wconf 80' lang='lat' dir='ltr'><strong>liberamento</strong></span> <span class='ocrx_word' id='word_1_226' title='bbox 1032 2661 1091 2704; x_wconf 89' lang='lat' dir='ltr'><strong>non</strong></span> <span class='ocrx_word' id='word_1_227' title='bbox 1104 2640 1133 2702; x_wconf 91' lang='grc'><strong>11</strong></span> <span class='ocrx_word' id='word_1_228' title='bbox 1149 2638 1270 2719; x_wconf 77' lang='lat' dir='ltr'><strong>oreder,</strong></span> 
     </span>
    </p>

    <p class='ocr_par' dir='ltr' id='par_1_3' title="bbox 31 2720 1325 3377">
     <span class='ocr_line' id='line_1_23' title="bbox 31 2720 1271 2831; baseline 0.003 -25"><span class='ocrx_word' id='word_1_229' title='bbox 31 2720 33 2755; x_wconf 67' lang='lat' dir='ltr'><strong>r</strong></span> <span class='ocrx_word' id='word_1_230' title='bbox 93 2749 118 2809; x_wconf 93' lang='lat' dir='ltr'><strong>et</strong></span> <span class='ocrx_word' id='word_1_231' title='bbox 131 2766 215 2830; x_wconf 86' lang='lat' dir='ltr'><strong>saper</strong></span> <span class='ocrx_word' id='word_1_232' title='bbox 231 2748 351 2813; x_wconf 82' lang='lat' dir='ltr'><strong>d&#39;eeser</strong></span> <span class='ocrx_word' id='word_1_233' title='bbox 365 2749 538 2831; x_wconf 84' lang='lat' dir='ltr'><strong>ingannato,</strong></span> <span class='ocrx_word' id='word_1_234' title='bbox 555 2750 722 2826; x_wconf 82' lang='lat' dir='ltr'><strong>dolendosi,</strong></span> <span class='ocrx_word' id='word_1_235' title='bbox 738 2749 797 2813; x_wconf 88' lang='lat' dir='ltr'><strong>ohe</strong></span> <span class='ocrx_word' id='word_1_236' title='bbox 806 2750 872 2813; x_wconf 88' lang='lat' dir='ltr'><strong>oosl</strong></span> <span class='ocrx_word' id='word_1_237' title='bbox 884 2748 911 2811; x_wconf 87' lang='lat' dir='ltr'><strong>si</strong></span> <span class='ocrx_word' id='word_1_238' title='bbox 926 2748 1045 2815; x_wconf 89' lang='lat' dir='ltr'><strong>uolesse</strong></span> <span class='ocrx_word' id='word_1_239' title='bbox 1060 2747 1109 2811; x_wconf 91' lang='lat' dir='ltr'><strong>nel</strong></span> <span class='ocrx_word' id='word_1_240' title='bbox 1122 2744 1271 2828; x_wconf 83' lang='lat' dir='ltr'><strong>eonsiglio</strong></span> 
     </span>
     <span class='ocr_line' id='line_1_24' title="bbox 94 2852 1318 2939; baseline 0.002 -24"><span class='ocrx_word' id='word_1_241' title='bbox 94 2852 301 2939; x_wconf 79' lang='lat' dir='ltr'><strong>d&#39;lnghiltenre.</strong></span> <span class='ocrx_word' id='word_1_242' title='bbox 1316 2861 1318 2864; x_wconf 82' lang='grc'><strong>’</strong></span> 
     </span>
     <span class='ocr_line' id='line_1_25' title="bbox 168 2962 1270 3051; baseline -0.004 -22"><span class='ocrx_word' id='word_1_243' title='bbox 168 2965 306 3031; x_wconf 89' lang='lat' dir='ltr'><strong>llssendo</strong></span> <span class='ocrx_word' id='word_1_244' title='bbox 342 2966 364 3033; x_wconf 90' lang='lat' dir='ltr'><strong>li</strong></span> <span class='ocrx_word' id='word_1_245' title='bbox 395 2967 470 3049; x_wconf 83' lang='lat' dir='ltr'><strong>sig¹¹.</strong></span> <span class='ocrx_word' id='word_1_246' title='bbox 499 2969 570 3036; x_wconf 87' lang='lat' dir='ltr'><strong>stati</strong></span> <span class='ocrx_word' id='word_1_247' title='bbox 591 2967 623 3031; x_wconf 90' lang='lat' dir='ltr'><strong>in</strong></span> <span class='ocrx_word' id='word_1_248' title='bbox 652 2972 757 3051; x_wconf 87' lang='lat' dir='ltr'><strong>aperta</strong></span> <span class='ocrx_word' id='word_1_249' title='bbox 782 2965 939 3030; x_wconf 79' lang='lat' dir='ltr'><strong>inimicitia</strong></span> <span class='ocrx_word' id='word_1_250' title='bbox 960 2985 1018 3030; x_wconf 86' lang='lat' dir='ltr'><strong>eon</strong></span> <span class='ocrx_word' id='word_1_251' title='bbox 1044 2964 1075 3029; x_wconf 88' lang='lat' dir='ltr'><strong>la</strong></span> <span class='ocrx_word' id='word_1_252' title='bbox 1102 2982 1215 3029; x_wconf 90' lang='lat' dir='ltr'><strong>eorona</strong></span> <span class='ocrx_word' id='word_1_253' title='bbox 1238 2962 1270 3026; x_wconf 91' lang='lat' dir='ltr'><strong>di</strong></span> 
     </span>
     <span class='ocr_line' id='line_1_26' title="bbox 96 3068 1269 3159; baseline 0.001 -26"><span class='ocrx_word' id='word_1_254' title='bbox 96 3068 204 3157; x_wconf 83' lang='lat' dir='ltr'><strong>Spagna</strong></span> <span class='ocrx_word' id='word_1_255' title='bbox 219 3097 282 3140; x_wconf 93' lang='lat' dir='ltr'><strong>non</strong></span> <span class='ocrx_word' id='word_1_256' title='bbox 298 3075 324 3139; x_wconf 90' lang='lat' dir='ltr'><strong>si</strong></span> <span class='ocrx_word' id='word_1_257' title='bbox 338 3076 398 3159; x_wconf 82' lang='lat' dir='ltr'><strong>pud</strong></span> <span class='ocrx_word' id='word_1_258' title='bbox 413 3075 561 3149; x_wconf 84' lang='lat' dir='ltr'><strong>dubitare,</strong></span> <span class='ocrx_word' id='word_1_259' title='bbox 585 3076 643 3140; x_wconf 88' lang='lat' dir='ltr'><strong>ohe</strong></span> <span class='ocrx_word' id='word_1_260' title='bbox 659 3097 718 3140; x_wconf 92' lang='lat' dir='ltr'><strong>non</strong></span> <span class='ocrx_word' id='word_1_261' title='bbox 735 3076 819 3139; x_wconf 89' lang='lat' dir='ltr'><strong>siano</strong></span> <span class='ocrx_word' id='word_1_262' title='bbox 835 3074 944 3138; x_wconf 78' lang='lat' dir='ltr'><strong>nemini</strong></span> <span class='ocrx_word' id='word_1_263' title='bbox 960 3094 1036 3139; x_wconf 86' lang='lat' dir='ltr'><strong>aneo</strong></span> <span class='ocrx_word' id='word_1_264' title='bbox 1052 3073 1120 3137; x_wconf 81' lang='lat' dir='ltr'><strong>dell·</strong></span> <span class='ocrx_word' id='word_1_265' title='bbox 1137 3074 1269 3155; x_wconf 88' lang='lat' dir='ltr'><strong>Impera·</strong></span> 
     </span>
     <span class='ocr_line' id='line_1_27' title="bbox 94 3183 1325 3271; baseline -0.006 -22"><span class='ocrx_word' id='word_1_266' title='bbox 94 3186 159 3268; x_wconf 89' lang='lat' dir='ltr'><strong>tore,</strong></span> <span class='ocrx_word' id='word_1_267' title='bbox 174 3184 194 3249; x_wconf 92' lang='lat' dir='ltr'><strong>il</strong></span> <span class='ocrx_word' id='word_1_268' title='bbox 211 3184 300 3271; x_wconf 83' lang='lat' dir='ltr'><strong>quale</strong></span> <span class='ocrx_word' id='word_1_269' title='bbox 315 3204 375 3252; x_wconf 90' lang='lat' dir='ltr'><strong>non</strong></span> <span class='ocrx_word' id='word_1_270' title='bbox 390 3204 497 3252; x_wconf 84' lang='lat' dir='ltr'><strong>manoe</strong></span> <span class='ocrx_word' id='word_1_271' title='bbox 510 3204 567 3250; x_wconf 88' lang='lat' dir='ltr'><strong>oon</strong></span> <span class='ocrx_word' id='word_1_272' title='bbox 582 3186 695 3251; x_wconf 75' lang='lat' dir='ltr'><strong>fauoris</strong></span> <span class='ocrx_word' id='word_1_273' title='bbox 706 3184 746 3267; x_wconf 71' lang='lat' dir='ltr'><strong>gl*</strong></span> <span class='ocrx_word' id='word_1_274' title='bbox 760 3184 902 3249; x_wconf 85' lang='lat' dir='ltr'><strong>interessi</strong></span> <span class='ocrx_word' id='word_1_275' title='bbox 915 3183 993 3249; x_wconf 84' lang='lat' dir='ltr'><strong>della</strong></span> <span class='ocrx_word' id='word_1_276' title='bbox 1008 3204 1064 3249; x_wconf 86' lang='lat' dir='ltr'><strong>sna</strong></span> <span class='ocrx_word' id='word_1_277' title='bbox 1073 3202 1145 3246; x_wconf 86' lang='lat' dir='ltr'><strong>oasa</strong></span> <span class='ocrx_word' id='word_1_278' title='bbox 1155 3200 1268 3265; x_wconf 84' lang='lat' dir='ltr'><strong>appor·</strong></span> <span class='ocrx_word' id='word_1_279' title='bbox 1322 3227 1325 3231; x_wconf 88' lang='lat'>.</span> 
     </span>
     <span class='ocr_line' id='line_1_28' title="bbox 96 3288 1269 3377; baseline -0.004 -18"><span class='ocrx_word' id='word_1_280' title='bbox 96 3291 162 3359; x_wconf 75' lang='lat' dir='ltr'><strong>telle</strong></span> <span class='ocrx_word' id='word_1_281' title='bbox 182 3293 251 3361; x_wconf 87' lang='lat' dir='ltr'><strong>tutti</strong></span> <span class='ocrx_word' id='word_1_282' title='bbox 276 3293 288 3355; x_wconf 88' lang='lat' dir='ltr'><strong>i</strong></span> <span class='ocrx_word' id='word_1_283' title='bbox 309 3292 417 3365; x_wconf 81' lang='lat' dir='ltr'><strong>dauni,</strong></span> <span class='ocrx_word' id='word_1_284' title='bbox 434 3314 452 3357; x_wconf 92' lang='lat' dir='ltr'><strong>e</strong></span> <span class='ocrx_word' id='word_1_285' title='bbox 471 3293 645 3377; x_wconf 79' lang='lat' dir='ltr'><strong>pregiuditij</strong></span> <span class='ocrx_word' id='word_1_286' title='bbox 669 3294 726 3357; x_wconf 87' lang='lat' dir='ltr'><strong>ohe</strong></span> <span class='ocrx_word' id='word_1_287' title='bbox 747 3294 824 3377; x_wconf 82' lang='lat' dir='ltr'><strong>pult:</strong></span> <span class='ocrx_word' id='word_1_288' title='bbox 849 3293 871 3355; x_wconf 92' lang='lat' dir='ltr'><strong>li</strong></span> <span class='ocrx_word' id='word_1_289' title='bbox 893 3292 1033 3376; x_wconf 89' lang='lat' dir='ltr'><strong>Prenoipi</strong></span> <span class='ocrx_word' id='word_1_290' title='bbox 1058 3291 1126 3356; x_wconf 83' lang='lat' dir='ltr'><strong>dell&#39;</strong></span> <span class='ocrx_word' id='word_1_291' title='bbox 1141 3288 1269 3373; x_wconf 84' lang='lat' dir='ltr'><strong>Imperio</strong></span> 
     </span>
    </p>

    <p class='ocr_par' dir='ltr' id='par_1_4' title="bbox 31 3384 1452 4437">
     <span class='ocr_line' id='line_1_29' title="bbox 95 3398 1270 3485; baseline 0.002 -21.897"><span class='ocrx_word' id='word_1_292' title='bbox 95 3399 241 3469; x_wconf 72' lang='lat' dir='ltr'><strong>contuenti</strong></span> <span class='ocrx_word' id='word_1_293' title='bbox 269 3400 309 3465; x_wconf 85' lang='lat' dir='ltr'><strong>ad</strong></span> <span class='ocrx_word' id='word_1_294' title='bbox 325 3402 387 3466; x_wconf 88' lang='lat' dir='ltr'><strong>essi</strong></span> <span class='ocrx_word' id='word_1_295' title='bbox 412 3421 467 3485; x_wconf 90' lang='lat' dir='ltr'><strong>per</strong></span> <span class='ocrx_word' id='word_1_296' title='bbox 491 3402 555 3467; x_wconf 92' lang='lat' dir='ltr'><strong>loro</strong></span> <span class='ocrx_word' id='word_1_297' title='bbox 577 3402 716 3467; x_wconf 88' lang='lat' dir='ltr'><strong>interessi</strong></span> <span class='ocrx_word' id='word_1_298' title='bbox 742 3401 926 3485; x_wconf 77' lang='lat' dir='ltr'><strong>particolari,</strong></span> <span class='ocrx_word' id='word_1_299' title='bbox 952 3400 1071 3465; x_wconf 85' lang='lat' dir='ltr'><strong>benehe</strong></span> <span class='ocrx_word' id='word_1_300' title='bbox 1100 3398 1216 3467; x_wconf 89' lang='lat' dir='ltr'><strong>diuersi</strong></span> <span class='ocrx_word' id='word_1_301' title='bbox 1238 3398 1270 3465; x_wconf 91' lang='lat' dir='ltr'><strong>di</strong></span> 
     </span>
     <span class='ocr_line' id='line_1_30' title="bbox 31 3482 1270 3631; baseline 0 -60"><span class='ocrx_word' id='word_1_302' title='bbox 31 3482 33 3631; x_wconf 53' lang='grc'><strong>1</strong></span> <span class='ocrx_word' id='word_1_303' title='bbox 96 3508 238 3591; x_wconf 85' lang='lat' dir='ltr'><strong>religione,</strong></span> <span class='ocrx_word' id='word_1_304' title='bbox 255 3531 290 3576; x_wconf 89' lang='lat' dir='ltr'><strong>se</strong></span> <span class='ocrx_word' id='word_1_305' title='bbox 305 3510 334 3575; x_wconf 92' lang='lat' dir='ltr'><strong>la</strong></span> <span class='ocrx_word' id='word_1_306' title='bbox 348 3528 477 3593; x_wconf 80' lang='lat' dir='ltr'><strong>possano</strong></span> <span class='ocrx_word' id='word_1_307' title='bbox 493 3530 552 3575; x_wconf 88' lang='lat' dir='ltr'><strong>eon</strong></span> <span class='ocrx_word' id='word_1_308' title='bbox 567 3510 771 3575; x_wconf 83' lang='lat' dir='ltr'><strong>moderatione</strong></span> <span class='ocrx_word' id='word_1_309' title='bbox 787 3531 805 3573; x_wconf 89' lang='lat' dir='ltr'><strong>e</strong></span> <span class='ocrx_word' id='word_1_310' title='bbox 827 3508 995 3574; x_wconf 75' lang='lat' dir='ltr'><strong>neutralitd.</strong></span> <span class='ocrx_word' id='word_1_311' title='bbox 1011 3508 1048 3573; x_wconf 85' lang='lat' dir='ltr'><strong>Li</strong></span> <span class='ocrx_word' id='word_1_312' title='bbox 1060 3507 1195 3575; x_wconf 86' lang='lat' dir='ltr'><strong>Suinneri</strong></span> <span class='ocrx_word' id='word_1_313' title='bbox 1208 3527 1270 3571; x_wconf 91' lang='lat' dir='ltr'><strong>non</strong></span> 
     </span>
     <span class='ocr_line' id='line_1_31' title="bbox 31 3613 1270 3703; baseline 0 -24"><span class='ocrx_word' id='word_1_314' title='bbox 31 3640 33 3703; x_wconf 59' lang='lat' dir='ltr'><strong>p</strong></span> <span class='ocrx_word' id='word_1_315' title='bbox 97 3613 183 3683; x_wconf 83' lang='lat' dir='ltr'><strong>hanno</strong></span> <span class='ocrx_word' id='word_1_316' title='bbox 198 3618 444 3693; x_wconf 82' lang='lat' dir='ltr'><strong>subordinatione</strong></span> <span class='ocrx_word' id='word_1_317' title='bbox 460 3618 507 3683; x_wconf 86' lang='lat' dir='ltr'><strong>all&#39;</strong></span> <span class='ocrx_word' id='word_1_318' title='bbox 524 3618 662 3702; x_wconf 82' lang='lat' dir='ltr'><strong>Imperio,</strong></span> <span class='ocrx_word' id='word_1_319' title='bbox 692 3618 740 3683; x_wconf 79' lang='lat' dir='ltr'><strong>md</strong></span> <span class='ocrx_word' id='word_1_320' title='bbox 756 3619 955 3683; x_wconf 79' lang='lat' dir='ltr'><strong>anticamente</strong></span> <span class='ocrx_word' id='word_1_321' title='bbox 976 3617 1003 3680; x_wconf 93' lang='lat' dir='ltr'><strong>si</strong></span> <span class='ocrx_word' id='word_1_322' title='bbox 1019 3622 1168 3681; x_wconf 83' lang='lat' dir='ltr'><strong>sotirarno</strong></span> <span class='ocrx_word' id='word_1_323' title='bbox 1191 3614 1270 3680; x_wconf 86' lang='lat' dir='ltr'><strong>dalla</strong></span> 
     </span>
     <span class='ocr_line' id='line_1_32' title="bbox 31 3708 1363 3811; baseline 0.002 -24"><span class='ocrx_word' id='word_1_324' title='bbox 31 3708 33 3775; x_wconf 71' lang='grc'><strong>1</strong></span> <span class='ocrx_word' id='word_1_325' title='bbox 98 3744 143 3791; x_wconf 90' lang='lat' dir='ltr'><strong>sua</strong></span> <span class='ocrx_word' id='word_1_326' title='bbox 157 3727 329 3801; x_wconf 79' lang='lat' dir='ltr'><strong>ohedienna,</strong></span> <span class='ocrx_word' id='word_1_327' title='bbox 353 3747 428 3794; x_wconf 90' lang='lat' dir='ltr'><strong>sono</strong></span> <span class='ocrx_word' id='word_1_328' title='bbox 444 3726 492 3793; x_wconf 77' lang='lat' dir='ltr'><strong>tre</strong></span> <span class='ocrx_word' id='word_1_329' title='bbox 507 3746 541 3790; x_wconf 91' lang='lat' dir='ltr'><strong>se</strong></span> <span class='ocrx_word' id='word_1_330' title='bbox 558 3726 648 3791; x_wconf 89' lang='lat' dir='ltr'><strong>diuisi</strong></span> <span class='ocrx_word' id='word_1_331' title='bbox 666 3727 697 3792; x_wconf 93' lang='lat' dir='ltr'><strong>di</strong></span> <span class='ocrx_word' id='word_1_332' title='bbox 712 3727 872 3811; x_wconf 82' lang='lat' dir='ltr'><strong>religione,</strong></span> <span class='ocrx_word' id='word_1_333' title='bbox 887 3727 936 3791; x_wconf 76' lang='lat' dir='ltr'><strong>md</strong></span> <span class='ocrx_word' id='word_1_334' title='bbox 950 3726 1021 3792; x_wconf 83' lang='lat' dir='ltr'><strong>tutti</strong></span> <span class='ocrx_word' id='word_1_335' title='bbox 1036 3725 1163 3791; x_wconf 89' lang='lat' dir='ltr'><strong>insieme</strong></span> <span class='ocrx_word' id='word_1_336' title='bbox 1178 3744 1269 3809; x_wconf 91' lang='lat' dir='ltr'><strong>sepa·</strong></span> <span class='ocrx_word' id='word_1_337' title='bbox 1359 3715 1363 3727; x_wconf 71' lang='grc'><strong>“</strong></span> 
     </span>
     <span class='ocr_line' id='line_1_33' title="bbox 98 3833 1270 3919; baseline 0.002 -24"><span class='ocrx_word' id='word_1_338' title='bbox 98 3833 147 3899; x_wconf 88' lang='lat' dir='ltr'><strong>rati</strong></span> <span class='ocrx_word' id='word_1_339' title='bbox 161 3835 353 3913; x_wconf 80' lang='lat' dir='ltr'><strong>d&#39;interesee,</strong></span> <span class='ocrx_word' id='word_1_340' title='bbox 375 3840 408 3900; x_wconf 91' lang='lat' dir='ltr'><strong>et</strong></span> <span class='ocrx_word' id='word_1_341' title='bbox 427 3834 560 3901; x_wconf 84' lang='lat' dir='ltr'><strong>d&#39;alletto</strong></span> <span class='ocrx_word' id='word_1_342' title='bbox 588 3835 655 3900; x_wconf 84' lang='lat' dir='ltr'><strong>dall·</strong></span> <span class='ocrx_word' id='word_1_343' title='bbox 671 3837 871 3919; x_wconf 83' lang='lat' dir='ltr'><strong>Imperatore,</strong></span> <span class='ocrx_word' id='word_1_344' title='bbox 887 3836 943 3901; x_wconf 87' lang='lat' dir='ltr'><strong>ohe</strong></span> <span class='ocrx_word' id='word_1_345' title='bbox 959 3856 1048 3901; x_wconf 87' lang='lat' dir='ltr'><strong>uerso</strong></span> <span class='ocrx_word' id='word_1_346' title='bbox 1070 3835 1174 3908; x_wconf 86' lang='lat' dir='ltr'><strong>d&#39;essi,</strong></span> <span class='ocrx_word' id='word_1_347' title='bbox 1191 3855 1209 3899; x_wconf 91' lang='lat' dir='ltr'><strong>e</strong></span> <span class='ocrx_word' id='word_1_348' title='bbox 1230 3834 1270 3899; x_wconf 89' lang='lat' dir='ltr'><strong>de</strong></span> 
     </span>
     <span class='ocr_line' id='line_1_34' title="bbox 31 3942 1452 4031; baseline 0.002 -26"><span class='ocrx_word' id='word_1_349' title='bbox 31 3990 33 4031; x_wconf 38' lang='lat' dir='ltr'><strong>p</strong></span> <span class='ocrx_word' id='word_1_350' title='bbox 100 3942 205 4011; x_wconf 84' lang='lat' dir='ltr'><strong>Grisoni</strong></span> <span class='ocrx_word' id='word_1_351' title='bbox 237 3968 298 4014; x_wconf 92' lang='lat' dir='ltr'><strong>non</strong></span> <span class='ocrx_word' id='word_1_352' title='bbox 323 3945 363 4011; x_wconf 79' lang='lat' dir='ltr'><strong>hir</strong></span> <span class='ocrx_word' id='word_1_353' title='bbox 395 3945 494 4009; x_wconf 85' lang='lat' dir='ltr'><strong>bunna</strong></span> <span class='ocrx_word' id='word_1_354' title='bbox 530 3944 726 4029; x_wconf 89' lang='lat' dir='ltr'><strong>dispositione</strong></span> <span class='ocrx_word' id='word_1_355' title='bbox 757 3944 924 4011; x_wconf 87' lang='lat' dir='ltr'><strong>hauendosi</strong></span> <span class='ocrx_word' id='word_1_356' title='bbox 954 3945 1046 4029; x_wconf 86' lang='lat' dir='ltr'><strong>quelli</strong></span> <span class='ocrx_word' id='word_1_357' title='bbox 1077 3944 1269 4028; x_wconf 86' lang='lat' dir='ltr'><strong>appropriate</strong></span> <span class='ocrx_word' id='word_1_358' title='bbox 1319 3960 1375 4015; x_wconf 73' lang='lat' dir='ltr'><strong>nor,</strong></span> <span class='ocrx_word' id='word_1_359' title='bbox 1389 3961 1452 4015; x_wconf 67' lang='lat' dir='ltr'><strong>sor.</strong></span> 
     </span>
     <span class='ocr_line' id='line_1_35' title="bbox 31 4032 1271 4153; baseline 0.004 -38"><span class='ocrx_word' id='word_1_360' title='bbox 31 4032 33 4153; x_wconf 61' lang='grc'><strong>1</strong></span> <span class='ocrx_word' id='word_1_361' title='bbox 100 4054 214 4133; x_wconf 78' lang='lat' dir='ltr'><strong>qualche</strong></span> <span class='ocrx_word' id='word_1_362' title='bbox 230 4054 303 4121; x_wconf 75' lang='lat' dir='ltr'><strong>oittd</strong></span> <span class='ocrx_word' id='word_1_363' title='bbox 318 4054 349 4121; x_wconf 88' lang='lat' dir='ltr'><strong>di</strong></span> <span class='ocrx_word' id='word_1_364' title='bbox 363 4054 487 4137; x_wconf 83' lang='lat' dir='ltr'><strong>ragione</strong></span> <span class='ocrx_word' id='word_1_365' title='bbox 506 4054 574 4119; x_wconf 77' lang='lat' dir='ltr'><strong>dell·</strong></span> <span class='ocrx_word' id='word_1_366' title='bbox 591 4055 727 4139; x_wconf 83' lang='lat' dir='ltr'><strong>lmperio,</strong></span> <span class='ocrx_word' id='word_1_367' title='bbox 744 4060 776 4121; x_wconf 90' lang='lat' dir='ltr'><strong>et</strong></span> <span class='ocrx_word' id='word_1_368' title='bbox 785 4054 904 4119; x_wconf 74' lang='lat' dir='ltr'><strong>benene</strong></span> <span class='ocrx_word' id='word_1_369' title='bbox 919 4053 1050 4119; x_wconf 81' lang='lat' dir='ltr'><strong>hellino</strong></span> <span class='ocrx_word' id='word_1_370' title='bbox 1065 4052 1155 4136; x_wconf 82' lang='lat' dir='ltr'><strong>legire</strong></span> <span class='ocrx_word' id='word_1_371' title='bbox 1168 4072 1225 4117; x_wconf 90' lang='lat' dir='ltr'><strong>eon</strong></span> <span class='ocrx_word' id='word_1_372' title='bbox 1240 4054 1271 4120; x_wconf 80' lang='lat' dir='ltr'><strong>la</strong></span> 
     </span>
     <span class='ocr_line' id='line_1_36' title="bbox 31 4162 1270 4259; baseline 0.004 -39"><span class='ocrx_word' id='word_1_373' title='bbox 31 4202 33 4259; x_wconf 35' lang='grc' dir='ltr'>ᾗ</span> <span class='ocrx_word' id='word_1_374' title='bbox 100 4178 161 4225; x_wconf 86' lang='grc'><strong>1111</strong></span> <span class='ocrx_word' id='word_1_375' title='bbox 173 4163 332 4237; x_wconf 77' lang='lat' dir='ltr'><strong>d’Austria,</strong></span> <span class='ocrx_word' id='word_1_376' title='bbox 348 4184 407 4228; x_wconf 90' lang='lat' dir='ltr'><strong>non</strong></span> <span class='ocrx_word' id='word_1_377' title='bbox 430 4184 503 4229; x_wconf 88' lang='lat' dir='ltr'><strong>sono</strong></span> <span class='ocrx_word' id='word_1_378' title='bbox 519 4164 592 4246; x_wconf 82' lang='lat' dir='ltr'><strong>perd</strong></span> <span class='ocrx_word' id='word_1_379' title='bbox 615 4163 713 4227; x_wconf 82' lang='lat' dir='ltr'><strong>mirati</strong></span> <span class='ocrx_word' id='word_1_380' title='bbox 730 4184 816 4229; x_wconf 90' lang='lat' dir='ltr'><strong>oome</strong></span> <span class='ocrx_word' id='word_1_381' title='bbox 836 4163 974 4247; x_wconf 89' lang='lat' dir='ltr'><strong>Prenoipi</strong></span> <span class='ocrx_word' id='word_1_382' title='bbox 991 4162 1021 4227; x_wconf 93' lang='lat' dir='ltr'><strong>di</strong></span> <span class='ocrx_word' id='word_1_383' title='bbox 1036 4182 1113 4246; x_wconf 83' lang='lat' dir='ltr'><strong>gran</strong></span> <span class='ocrx_word' id='word_1_384' title='bbox 1128 4163 1270 4227; x_wconf 88' lang='lat' dir='ltr'><strong>oonside·</strong></span> 
     </span>
     <span class='ocr_line' id='line_1_37' title="bbox 31 4262 1268 4437; baseline 0.002 -102"><span class='ocrx_word' id='word_1_385' title='bbox 31 4262 34 4437; x_wconf 67' lang='grc' dir='ltr'>Ι</span> <span class='ocrx_word' id='word_1_386' title='bbox 101 4270 211 4346; x_wconf 86' lang='lat' dir='ltr'><strong>ratione,</strong></span> <span class='ocrx_word' id='word_1_387' title='bbox 227 4295 244 4337; x_wconf 90' lang='lat' dir='ltr'><strong>e</strong></span> <span class='ocrx_word' id='word_1_388' title='bbox 259 4274 391 4348; x_wconf 66' lang='lat' dir='ltr'><strong>stimme</strong></span> <span class='ocrx_word' id='word_1_389' title='bbox 407 4294 466 4339; x_wconf 92' lang='lat' dir='ltr'><strong>non</strong></span> <span class='ocrx_word' id='word_1_390' title='bbox 483 4273 509 4336; x_wconf 93' lang='lat' dir='ltr'><strong>si</strong></span> <span class='ocrx_word' id='word_1_391' title='bbox 532 4273 599 4340; x_wconf 91' lang='lat' dir='ltr'><strong>uale</strong></span> <span class='ocrx_word' id='word_1_392' title='bbox 621 4272 652 4337; x_wconf 90' lang='lat' dir='ltr'><strong>di</strong></span> <span class='ocrx_word' id='word_1_393' title='bbox 667 4273 731 4338; x_wconf 93' lang='lat' dir='ltr'><strong>loro</strong></span> <span class='ocrx_word' id='word_1_394' title='bbox 748 4274 824 4339; x_wconf 89' lang='lat' dir='ltr'><strong>nelle</strong></span> <span class='ocrx_word' id='word_1_395' title='bbox 845 4294 972 4359; x_wconf 77' lang='lat' dir='ltr'><strong>guerre,</strong></span> <span class='ocrx_word' id='word_1_396' title='bbox 997 4272 1111 4355; x_wconf 85' lang='lat' dir='ltr'><strong>perehe</strong></span> <span class='ocrx_word' id='word_1_397' title='bbox 1128 4273 1268 4355; x_wconf 79' lang='lat' dir='ltr'><strong>nogliono</strong></span> 
     </span>
    </p>
   </div>
   <div class='ocr_carea' id='block_1_3' title="bbox 31 4440 381 4575">
    <p class='ocr_par' dir='ltr' id='par_1_5' title="bbox 31 4440 381 4585">
     <span class='ocr_line' id='line_1_38' title="bbox 31 4440 33 4481; baseline 0 0"><span class='ocrx_word' id='word_1_398' title='bbox 31 4440 33 4481; x_wconf 95' lang='grc' dir='ltr'>Ι</span> 
     </span>
     <span class='ocr_line' id='line_1_39' title="bbox 31 4482 381 4575; baseline -0.011 -7"><span class='ocrx_word' id='word_1_399' title='bbox 31 4482 33 4575; x_wconf 82' lang='grc'><strong>1</strong></span> <span class='ocrx_word' id='word_1_400' title='bbox 112 4505 132 4564; x_wconf 85' lang='lat'><strong>¹)</strong></span> <span class='ocrx_word' id='word_1_401' title='bbox 145 4511 226 4559; x_wconf 83' lang='lat' dir='ltr'><strong>llobert</strong></span> <span class='ocrx_word' id='word_1_402' title='bbox 236 4516 381 4565; x_wconf 79' lang='lat' dir='ltr'><strong>tnntrnttrer.</strong></span> 
     </span>
    </p>
   </div>
   <div class='ocr_carea' id='block_1_4' title="bbox 0 0 1591 5125">
    <p class='ocr_par' dir='ltr' id='par_1_6' title="bbox 0 0 1591 5125">
     <span class='ocr_line' id='line_1_40' title="bbox 0 0 1591 5125; baseline 0 0"><span class='ocrx_word' id='word_1_403' title='bbox 0 0 1591 5125; x_wconf 95' lang='lat' dir='ltr'><strong> </strong></span> 
     </span>
    </p>
   </div>
  </div>
 </body>
</html>
