3167 5125
1260 333 1284 403 u

6 498 7 511 ¹
77 504 178 569 officio
202 512 233 570 et
249 505 268 568 a
284 509 369 572 freno
392 509 631 594 gl'lmperatori,
654 521 684 578 et
701 536 734 577 se
751 512 829 577 beno
845 511 863 574 b
879 509 979 596 questi
995 508 1133 591 Preucipi
1154 512 1276 571 restauro

5 652 7 683 ;
75 616 95 676 li
114 616 206 678 stessi
224 618 308 690 stati,
325 624 456 702 tergono
474 621 546 703 perb
564 620 593 685 di
611 624 671 687 essi
690 622 852 685 malissimo
870 620 1022 689 Gouerno,
1038 616 1147 701 poiche
1164 635 1277 679 consu-

75 742 164 786 manc
185 725 383 807 grandissimi
406 732 500 792 tesori
517 730 547 792 in
565 738 717 796 sustentas
739 730 767 793 le
784 731 848 791 loro
871 726 1114 790 numerosissime
1131 724 1224 794 eorti,
1246 731 1277 788 et

73 832 237 915 spendens
251 836 565 917 profusissimamente
582 842 612 904 in
625 841 771 912 continui,
789 844 820 902 et
832 835 991 901 lautissimi
1008 834 1129 906 conuiti,
1146 841 1177 898 et
1189 832 1277 917 quasi

72 941 147 1004 tutti
160 943 320 1024 prendens
338 945 443 1011 diletto
456 949 637 1031 particolare
651 948 718 1013 dell'
727 947 884 1018 Alcbimia,
902 946 979 1009 uella
992 945 1080 1029 quale
1093 962 1276 1009 consumano
1374 1016 1378 1022 .

72 1070 151 1131 gran
168 1052 310 1134 quantit'a
322 1053 425 1128 d'oro;
443 1058 465 1120 ll
484 1057 540 1122 che
557 1057 577 1121 li
590 1058 683 1122 rende
701 1057 832 1121 essausti
849 1055 880 1119 di
893 1054 1008 1126 denari,
1024 1052 1137 1125 deboli,
1152 1058 1184 1115 et
1199 1070 1276 1133 poco

72 1160 129 1221 atti
153 1160 192 1223 ad
217 1180 386 1225 ammassar
402 1165 565 1238 llsserciti,
589 1172 622 1231 et
637 1166 685 1229 cib
709 1169 737 1229 in
754 1186 831 1249 grau
853 1170 938 1247 parte
962 1182 1054 1227 causa
1076 1164 1106 1227 la
1128 1161 1229 1246 quiete
1246 1160 1276 1223 di

71 1268 176 1351 quella
194 1270 364 1335 Prouincia.

171 1380 260 1445 Oltre
276 1382 319 1465 gli
328 1383 455 1449 Elettori
474 1384 503 1449 ui
516 1407 591 1451 sono
608 1385 691 1451 molti
704 1384 845 1466 Prenoipi
857 1382 1079 1452 Ecclesiastici,
1094 1388 1125 1445 et
1137 1380 1277 1450 secolari,

73 1488 133 1553 obe
150 1490 255 1553 banno
273 1498 417 1575 potenza,
441 1494 623 1578 grandezza,
647 1504 677 1558 et
692 1492 852 1557 ricclrecza
868 1494 899 1556 di
916 1490 1156 1557 consideratione
1163 1511 1173 1562 ;
1194 1488 1241 1553 irb
1256 1486 1278 1550 li

72 1598 291 1665 Ecclesiastici
312 1601 542 1667 l'broiuasccuo
568 1602 765 1685 diSalaburg
780 1601 862 1665 tiene
885 1601 904 1663 il
920 1602 1015 1685 primo
1032 1601 1115 1672 loco,
1137 1598 1276 1663 bauendo

3 1750 4 1753 κ
72 1708 124 1790 pid
143 1709 174 1772 di
194 1715 408 1793 quattrocento
432 1712 510 1776 mille
526 1713 614 1776 taleri
630 1713 796 1782 d'entrata,
815 1719 846 1775 et
861 1710 941 1792 gode
957 1732 997 1774 un
1013 1709 1222 1777 floridissimo‚
1247 1712 1277 1769 et

3 1834 4 1869 1
72 1817 273 1881 nobilissimo
288 1820 392 1892 Stato;
410 1827 441 1885 et
456 1822 503 1885 de'
514 1823 642 1885 secolari
658 1822 677 1884 il
690 1822 775 1885 lluca
792 1821 822 1883 di
836 1821 964 1884 Bauiera
980 1838 1095 1883 auanca
1112 1816 1276 1899 ogn'altrc,

71 1924 238 2009 potandosi
264 1926 400 1992 cbiamar
423 1931 571 2013 Prenoipe
595 1932 710 2014 grande
735 1951 790 2013 per
813 1932 841 1992 la
866 1930 978 2014 qualitb
1002 1930 1049 1992 de'
1065 1929 1153 1998 Stati,
1178 1926 1275 2009 peril

72 2055 202 2098 numero
222 2035 270 2097 de'
284 2036 415 2110 sudditi,
432 2059 487 2121 per
500 2040 526 2101 le
537 2039 680 2110 Enlrate,
697 2044 727 2100 et
743 2059 799 2121 per
815 2039 843 2100 la
855 2041 960 2119 regola
977 2038 1008 2100 di
1024 2038 1106 2101 buon
1120 2039 1276 2101 Gouerno:

72 2143 195 2207 nauem
213 2138 256 2235 {bb
272 2145 360 2208 taleri
378 2144 549 2210 d'entrata:
576 2128 819 2211 blaelantissimo
837 2146 916 2209 della
932 2147 1000 2209 lede
1018 2147 1176 2218 Cattolica,
1199 2145 1278 2207 nella

71 2252 161 2336 quale
179 2252 289 2325 uuole,
310 2255 368 2316 ebe
384 2256 454 2319 tutti
469 2256 490 2318 li
508 2258 573 2319 suoi
590 2256 702 2320 sudditi
720 2256 839 2328 uiuino,
863 2279 900 2319 ne
917 2261 1065 2339 permette
1081 2256 1171 2317 alcun
1187 2254 1277 2315 bere-

71 2360 131 2423 tico
149 2362 199 2424 nel
220 2382 277 2425 suo
295 2369 389 2425 stato:
414 2364 458 2426 na
475 2372 657 2428 ammassato
673 2365 774 2428 buona
791 2384 906 2428 somma
923 2363 953 2427 di
970 2364 1075 2427 denari
1097 2362 1277 2426 accumulati

2 2508 3 2517 κ
70 2469 119 2532 dal
136 2470 225 2535 Duca
250 2483 409 2554 presente,
435 2474 492 2537 che
516 2474 555 2537 b‘a
571 2476 670 2538 leuato
694 2475 712 2536 il
733 2476 876 2538 Gouerno
892 2473 920 2537 al
937 2474 1030 2556 padre
1043 2474 1087 2559 ¹),
1110 2473 1167 2536 cbe
1183 2477 1276 2535 tutta-

71 2579 119 2642 uia
138 2581 222 2653 uiue,
241 2582 262 2644 il
280 2584 350 2666 qual
368 2604 421 2647 era
437 2584 657 2668 profusissimo,
674 2592 705 2648 et
721 2585 867 2668 prodigo,
885 2607 903 2648 ε
919 2590 997 2649 tutto
1014 2586 1085 2648 dato
1101 2583 1132 2646 in
1148 2581 1243 2665 preda
1258 2583 1276 2645 'a

2 2691 3 2756 l
69 2689 202 2761 Gesuiti,
221 2690 241 2752 l’
251 2691 354 2755 habito
372 2693 418 2755 de'
428 2692 509 2778 quali
522 2695 582 2776 egli
598 2699 701 2776 porta:
719 2694 844 2758 Abunde
861 2713 937 2758 anco
954 2699 1061 2779 questa
1074 2692 1152 2756 Casa
1168 2691 1199 2754 di
1215 2689 1276 2754 ric-

2 2771 3 2820 *
70 2799 185 2862 cbezze
199 2800 449 2875 Ecclesiasticlre,
467 2804 607 2885 godendo
624 2804 642 2865 il
657 2805 743 2868 Duca
760 2805 788 2866 la
806 2803 947 2885 maggior
962 2808 1048 2886 parte
1064 2802 1143 2864 delle
1155 2799 1274 2864 rendite

69 2907 98 2970 di
115 2907 213 2972 mclte
230 2909 334 2972 riccbe
352 2911 456 2982 Radia,
479 2917 510 2974 et
525 2913 689 2986 Comeade,
710 2914 766 2976 obe
783 2933 858 2975 sono
876 2913 923 2975 nel
940 2932 995 2974 suo
1011 2916 1105 2981 stato,
1129 2929 1185 2973 con
1200 2930 1271 2992 per-

69 3017 216 3082 missione
230 3020 403 3092 Poutilicia;
421 3028 451 3084 et
468 3043 506 3086 un
524 3043 577 3086 suo
595 3025 712 3086 fratello
726 3025 743 3086 e
756 3022 889 3086 lllettore
903 3021 933 3085 di
945 3022 1069 3086 Colonia
1079 3020 1107 3108 ²)
1117 3042 1127 3093 ;
1144 3020 1164 3082 il
1181 3021 1268 3103 quale

2 3170 3 3220 p
68 3147 120 3211 per
140 3128 274 3192 trouarsi
287 3135 393 3214 questa
405 3130 481 3194 Casa
498 3131 528 3193 in
545 3137 752 3196 mancumento
770 3133 801 3195 di
812 3131 958 3216 posteritb
973 3130 1121 3214 potrebbe
1133 3130 1267 3215 deponer

70 3236 280 3310 l'Elettoratc,
298 3243 329 3300 et
345 3240 477 3321 prender
494 3242 614 3322 moglie,
631 3248 662 3305 et
675 3242 795 3326 quando
816 3262 893 3304 anco
910 3246 1017 3324 questo
1034 3245 1168 3303 restasse
1185 3262 1277 3304 senaa

76 3346 222 3430 figliuoli,
247 3349 346 3432 questi
365 3351 442 3413 Stati
461 3350 642 3434 potrebbero
665 3352 774 3415 cadere
797 3352 844 3413 nel
865 3351 1012 3432 Prenoipe
1037 3349 1066 3411 di
1082 3349 1275 3438 Neoburg⁸),

2 3479 3 3534 r
74 3453 131 3517 cbe
164 3455 205 3518 ha
230 3456 435 3522 ultimamento
466 3481 555 3543 proso
585 3482 640 3544 per
663 3460 774 3542 moglie
799 3481 858 3524 una
889 3461 935 3523 lor
964 3458 1128 3543 sorellal),
1153 3463 1185 3521 et
1206 3458 1275 3523 sib

2 3577 3 3655 p
80 3564 271 3630 dicebiarato
285 3569 449 3642 Cattolicc;
467 3571 524 3634 obe
541 3571 578 3633 da
590 3571 729 3653 Prenoipi
746 3569 993 3652 Corrispondenti
1010 3569 1097 3631 uiene
1112 3567 1274 3632 malissimo

2 3685 3 3692 ’
74 3672 193 3747 iuteso3
221 3683 253 3739 et
270 3686 378 3761 questo
396 3681 413 3742 e
430 3700 487 3743 uno
512 3680 714 3763 de'principal
737 3681 866 3763 rispetti,
889 3679 945 3742 cbe
961 3679 1001 3742 bb
1022 3679 1092 3743 dato
1115 3679 1275 3743 occasione

85 3786 265 3860 all'Elettor
288 3789 317 3853 di
335 3789 564 3871 Bsandemburg
581 3791 611 3852 di
628 3790 802 3853 discordare
819 3812 873 3874 per
888 3791 906 3852 il
924 3811 1050 3876 posesso
1073 3790 1142 3853 delli
1158 3791 1229 3854 stati
1244 3791 1274 3853 di

2 3942 3 3981 3
81 3897 190 3961 Cleues
214 3918 273 3961 con
292 3898 312 3959 il
328 3898 412 3960 [luca
437 3899 466 3962 di
482 3899 627 3982 Neoburg
651 3919 704 3962 suo
721 3901 832 3982 padre,
855 3905 885 3962 et
906 3900 936 3962 di
952 3900 1195 3964 raccomandarsi
1217 3901 1275 3964 alla

2 4071 3 4078 ρ
77 4009 262 4089 protettiono
280 4007 328 4069 de'
340 4009 428 4081 Stati,
447 4010 456 4072 i
472 4011 552 4094 quali
568 4008 626 4072 ban
643 4015 731 4094 posto
748 4011 778 4072 in
797 4010 942 4082 Giuliers,
959 4009 1106 4095 principa!
1123 4011 1226 4094 piacza
1244 4013 1274 4074 di

81 4117 147 4200 quel
166 4119 276 4190 Statu,
301 4139 377 4200 gran
401 4141 523 4182 numero
547 4119 577 4182 di
600 4119 720 4191 militie,
745 4120 823 4182 etsi
845 4126 997 4184 mostrano
1019 4120 1220 4186 risolutissimi
1243 4122 1274 4185 di

148 4292 169 4353 ί)
193 4295 305 4341 wilhelm
320 4297 346 4339 V.
360 4295 451 4353 resigu.
467 4296 535 4341 1597.

147 4381 171 4443 2)
196 4385 344 4438 Ferdinand,
359 4386 485 4431 Cburliirsl
500 4400 544 4431 rou
559 4387 619 4432 Kiiln
637 4385 704 4431 lotz.
726 4382 744 4442 †
760 4386 796 4430 13.
812 4387 876 4443 Sept.
894 4386 961 4432 1650.

149 4471 174 4536 ⁸)
195 4479 330 4539 Woll'gang
343 4477 464 4529 Wilbelm,
477 4477 596 4537 Plalzgral
607 4491 651 4523 roo
666 4477 786 4538 Neoburg.

147 4559 173 4628 ⁴)
192 4571 342 4632 magunum,
358 4567 458 4629 jungere
471 4569 574 4620 roraret
586 4571 614 4615 a.
629 4569 748 4615 warnerus
761 4571 787 4614 v.
