3167 5125
1254 318 1275 388 7

4 444 6 495 ,
75 490 171 573 dogli,
204 490 264 555 ohe
296 492 487 556 rioeuendosi
516 491 555 556 da
586 491 696 555 Cesare
727 492 755 555 la
790 492 908 556 Corona
938 492 969 555 di
999 513 1088 557 mano
1119 493 1166 556 del
1199 492 1278 555 Pon-

75 599 182 673 teliee,
214 600 333 683 nenghi
362 600 380 663 l
410 599 598 665 dioohiarirsi
629 600 814 683 dipendente
845 608 875 665 et
904 602 991 686 quasi
1023 601 1133 665 fattura
1165 602 1194 664 di
1224 621 1279 663 sua

77 708 214 783 Santita,
254 714 285 773 et
322 715 448 773 sentono
485 708 668 781 malissimo,
692 707 749 773 ohe
784 710 908 791 uoglino
943 711 963 773 li
999 709 1143 774 Pontelioi
1179 730 1280 773 esser-

77 818 170 883 oitare
197 819 309 883 alcuna
335 817 514 903 superioritir
536 837 627 901 sopra
655 818 827 901 l'lmperio:
852 819 988 883 Gustano
1009 818 1101 902 ρειὸ,
1130 819 1187 881 ohe
1209 819 1280 882 uadi

80 928 110 989 in
131 926 288 991 obliuione
311 927 492 1011 quast'atto,
517 925 573 990 ohe
596 925 706 991 ueniua
725 926 891 992 risseruato
915 928 993 992 dalla
1017 928 1090 991 sede
1106 929 1280 1011 apostolica

81 1057 134 1119 per
151 1058 250 1120 segno
269 1038 298 1100 di
316 1036 564 1108 Giurisdittione;
589 1043 619 1101 et
636 1056 753 1119 negano
770 1036 928 1108 Germani,
952 1037 1009 1101 ohe
1025 1037 1194 1101 l'auttoritia
1211 1036 1279 1099 dell*

79 1144 205 1211 elettion
223 1145 487 1228 doll‘lmperatore
503 1145 531 1208 le
544 1143 581 1229 sij
599 1151 680 1209 stata
693 1145 930 1210 assolutamente
944 1147 1092 1211 conserite
1108 1148 1147 1210 da
1156 1147 1281 1209 Romani

80 1254 239 1326 Pontefioi,
256 1255 276 1317 li
291 1254 371 1339 quali
384 1256 581 1338 pretendono,
600 1254 656 1318 ohe
670 1254 819 1339 Gregorio
836 1254 946 1337 Quinto
964 1257 993 1319 di
1010 1258 1130 1321 natione
1142 1256 1281 1320 Tedesea

79 1362 251 1428 instituisse
268 1363 289 1428 li
305 1363 349 1427 sei
367 1364 493 1428 Elettori
516 1362 740 1447 dell’lmperio;
763 1366 812 1427 Ma
828 1363 979 1427 Tedesohi
997 1370 1170 1429 sostentano
1188 1364 1281 1428 d'ha-

79 1472 162 1535 uersi
187 1472 359 1558 aequistato
386 1477 494 1557 questa
518 1472 710 1555 prerogatiua
732 1492 789 1557 oon
806 1472 827 1535 il
843 1474 964 1556 proprio
983 1474 1101 1545 ualore,
1124 1479 1154 1536 et
1179 1494 1236 1537 oon
1252 1474 1281 1536 la

79 1580 168 1646 sonna
186 1582 312 1653 d'armi,
329 1581 468 1645 hauendo
485 1582 516 1645 in
533 1594 632 1664 tempo
650 1582 680 1644 di
690 1581 802 1645 Cesare
815 1583 950 1665 Augusto
968 1583 1049 1654 rotti,
1067 1587 1097 1646 et
1113 1583 1244 1646 soonlitti
1261 1583 1281 1645 li

2 1738 6 1749 .
79 1692 230 1755 Essoreiti
244 1692 380 1761 Romani,
394 1695 424 1753 et
436 1710 494 1753 oon
507 1690 526 1752 l·
535 1690 672 1776 aequisto
686 1691 764 1754 delle
776 1692 823 1755 lor
834 1690 991 1763 bandiere,
1005 1694 1115 1755 essersi
1130 1695 1282 1776 impadro-

79 1800 136 1863 nili
150 1800 377 1882 dellelnsegne,
390 1798 700 1884 etAquilelmperiali,
716 1808 746 1863 et
758 1806 1067 1885 consequentemenle
1082 1800 1158 1863 della
1172 1802 1282 1864 l'aooltir

2 1908 3 1913 ’
79 1909 110 1972 di
129 1914 219 1991 poter
233 1908 376 1991 eleggere
394 1908 411 1970 l‘
421 1909 612 1991 Imperatore.

174 2019 209 2081 Ιιι
223 2016 396 2089 Germania,
415 2018 509 2081 dou'e
525 2019 551 2080 la
567 2019 689 2101 propria
702 2018 787 2081 sedia
801 2018 1007 2103 dell'lmperiu
1021 2019 1194 2083 doner-ebbe
1207 2043 1283 2084 aneo

81 2128 185 2190 liorire
204 2126 221 2189 Ι“
232 2127 385 2197 auttorita,
403 2131 433 2188 et
449 2126 477 2188 la
493 2134 620 2209 potenza
637 2127 667 2190 di
680 2129 810 2199 Cesare;
827 2133 910 2191 tantu
928 2126 990 2210 plin,
1008 2127 1063 2191 ohe
1081 2131 1178 2215 quella
1197 2130 1284 2193 nobi·

80 2237 197 2299 lissima
213 2234 373 2300 Prouinoia
391 2258 450 2299 non
467 2237 485 2298 ὸ
501 2234 641 2299 inoleriore
658 2236 676 2297 la
693 2237 761 2320 qual
781 2236 807 2299 si
826 2235 928 2319 noglia
946 2240 1023 2300 altra
1040 2238 1088 2300 del
1106 2239 1214 2301 llondo
1231 2260 1286 2322 ρει
1382 2270 1430 2323 ,5,

81 2347 238 2431 ampiezza
255 2347 285 2409 di
303 2346 370 2415 sito,
388 2367 442 2430 per
458 2344 546 2429 copia
563 2346 592 2408 di
609 2346 698 2417 Citt'a,
716 2367 771 2428 ρει·
789 2367 913 2409 numero
931 2346 978 2409 de'
990 2348 1101 2431 populi,
1119 2368 1173 2430 ρει
1189 2368 1286 2432 quan-

82 2455 147 2526 tiu,
166 2462 196 2517 et
209 2460 341 2539 potenza
354 2455 391 2517 de
404 2455 554 2538 Prenoipi,
571 2476 626 2538 ρει·
638 2453 808 2525 riochezze,
826 2476 881 2537 per
894 2457 912 2518 li
926 2457 1041 2539 potenti
1054 2457 1210 2527 Essenoiti,
1228 2458 1284 2519 ohe

82 2565 112 2630 ui
126 2566 151 2628 si
165 2587 300 2650 possano
316 2564 592 2628 sacilissimamente
606 2585 803 2638 ammassare,
821 2587 876 2650 ρει·
888 2566 1001 2630 liorirui
1014 2567 1084 2650 ogni
1097 2575 1178 2635 sorte
1191 2567 1219 2629 d·
1229 2567 1285 2630 arti

2 2699 3 2708 ¹
82 2673 280 2744 mecaniohe,
304 2680 334 2736 et
349 2695 405 2756 ρει·
420 2673 489 2755 ogn'
498 2675 575 2736 altra
592 2673 722 2756 qualita,
746 2674 804 2737 ohe
820 2674 880 2757 ριιὸ
898 2674 1007 2738 ιειιιΙει
1023 2676 1197 2740 felicissimo
1215 2677 1285 2761 qual

82 2783 108 2846 si
126 2783 229 2866 uoglia
247 2789 344 2854 stato;
368 2783 416 2844 Ma
432 2782 460 2844 la
477 2781 622 2845 dinen-sitia
638 2783 715 2845 delle
731 2781 892 2864 Religioni,
918 2783 945 2846 le
963 2784 1104 2847 intestine
1122 2785 1284 2857 discordie,

2 2953 3 2964 2
80 2894 110 2956 le
130 2898 275 2964 comesa,
294 2893 350 2955 che
367 2912 498 2975 possano
516 2893 560 2956 tra
578 2891 597 2954 li
613 2892 763 2975 Prenoipi,
781 2915 797 2955 e
816 2894 909 2955 Τειϊε
927 2892 1069 2966 l'rauohe,
1092 2893 1111 2957 l'
1120 2896 1204 2966 odio,
1229 2898 1285 2960 ohe

2 2995 3 3072 l
82 3002 346 3067 uniuersalmente
369 3002 456 3065 uiene
474 3006 591 3087 portato
608 3001 666 3064 alla
684 3003 855 3084 grandezza
872 3002 951 3066 della
968 3002 1046 3066 Casa
1062 3004 1233 3076 d'eluslria‚
1258 3007 1284 3069 la

81 3113 175 3177 rende
193 3111 242 3174 tra
259 3132 293 3174 se
310 3115 410 3174 stessa
427 3111 626 3182 contentiosa,
650 3111 798 3183 disunita,
822 3116 853 3174 et
869 3110 986 3175 debole.
1012 3112 1047 3176 Li
1064 3113 1203 3200 Prenoipi
1225 3136 1284 3177 non

88 3221 232 3303 uogliono
245 3220 439 3282 riconosoere
453 3219 472 3280 l·
482 3219 663 3302 Imperatore
676 3241 731 3303 per
742 3220 788 3282 lor
801 3221 898 3302 Cape:
914 3221 958 3284 Le
971 3221 1049 3285 uitta
1061 3223 1159 3285 hanno
1173 3229 1283 3287 mutato

2 3347 3 3352 ’
92 3329 264 3413 Religione,
280 3332 310 3390 et
323 3327 418 3389 lorma
431 3326 462 3388 di
476 3329 628 3400 Gouerno,
641 3333 671 3391 et
688 3329 829 3411 uogliono
842 3328 988 3412 dipender
998 3331 1230 3394 assolutamente
1247 3334 1285 3394 da

2 3515 3 3518 Ἴ
89 3463 121 3504 se
145 3448 249 3505 stesse
274 3460 365 3502 senza
389 3439 482 3502 hauer
499 3438 679 3523 superiorita
696 3439 819 3503 alcuna:
842 3439 877 3502 Li
894 3439 1018 3523 grandi,
1041 3447 1071 3504 et
1085 3440 1206 3525 piccioli
1228 3463 1287 3504 non

88 3570 169 3614 sono
183 3548 283 3612 dediti
299 3549 337 3612 ad
350 3549 437 3620 altro,
451 3547 507 3611 che
525 3549 551 3610 al
565 3549 660 3622 lusso,
675 3549 692 3610 a
706 3549 716 3611 i
728 3548 859 3622 Conuiti,
876 3554 905 3610 ot
917 3546 975 3611 alle
991 3548 1124 3622 ebrieta3
1140 3554 1219 3615 onde
1234 3574 1289 3635 per

94 3668 178 3726 tante
195 3657 312 3730 nonita,
330 3665 360 3720 et
375 3658 542 3721 alterationi
557 3657 645 3721 uiene
658 3658 696 3722 ad
710 3680 813 3722 essere
825 3658 1057 3722 assolutamente
1069 3663 1252 3725 soanoellata
1263 3664 1292 3726 la

2 3853 3 3856 Ἴ
94 3773 194 3836 buona
211 3772 311 3832 forma
336 3767 365 3829 di
383 3768 534 3839 Gouerno,
558 3768 614 3831 che
637 3768 665 3830 le
688 3765 776 3830 diade
793 3769 880 3831 Carlo
898 3769 1026 3851 lllagn03
1048 3775 1079 3833 et
1094 3771 1122 3833 le
1141 3770 1290 3835 disunioni

2 3863 3 3882 ³
89 3883 223 3954 interne,
241 3888 273 3943 et
284 3878 313 3941 la
328 3878 473 3941 diuersitla
485 3878 515 3940 di
527 3877 696 3960 Religione,
712 3877 740 3940 la
753 3879 846 3940 rende
859 3879 922 3940 oosi
936 3880 1053 3951 debole,
1071 3887 1101 3945 at
1113 3880 1219 3952 liaooa,
1233 3882 1290 3944 ohe

92 4013 149 4056 non
167 3992 192 4055 si
211 3997 301 4055 traua
324 3987 354 4050 in
374 3992 451 4050 stato
469 3987 499 4049 di
515 3987 723 4071 poterinferir
738 3987 837 4049 danno
854 3988 960 4050 alonna
978 3989 995 4050 a
1011 3996 1117 4072 questa
1133 3990 1290 4053 Prouinoia

90 4102 229 4176 d'ltalia,
252 4106 330 4165 tutto
348 4098 404 4162 ohe
421 4099 602 4163 Protestanti
619 4097 791 4161 desiderinu
809 4096 839 4159 in
855 4105 985 4162 estremu
1004 4097 1033 4160 di
1050 4101 1221 4182 penetrarni
1236 4120 1291 4182 per

2 4207 3 4210 ¹
91 4214 241 4278 abbassar
257 4208 438 4280 l'aultorit'a,
456 4214 486 4270 et
503 4214 630 4290 potenza
648 4206 848 4271 de‘Pontelioi
864 4208 997 4269 Romani.

2 4293 3 4310 Χ
176 4325 334 4390 Solenano
356 4321 382 4384 le
399 4319 486 4383 lliete
503 4320 645 4382 Generali
670 4318 724 4381 dar
740 4319 767 4381 la
786 4339 857 4380 uera
876 4318 981 4400 regola
1005 4316 1034 4380 di
1051 4317 1130 4381 bnon
1149 4319 1289 4382 Gouenno

88 4437 143 4501 alla
163 4431 348 4503 Germania3
372 4431 420 4492 lla
435 4428 560 4510 hoggidl
577 4427 625 4490 chi
650 4449 709 4490 non
726 4426 755 4489 ui
773 4427 842 4487 uuol
859 4445 1056 4498 oonoorrere,
1080 4424 1129 4488 ehi
1145 4447 1205 4489 non
1221 4429 1289 4490 uuol

2 4559 3 4566 ’
93 4545 232 4616 obedire,
257 4538 309 4604 clai
328 4538 355 4601 si
374 4545 515 4602 contenta
539 4538 568 4599 ui
584 4557 681 4620 pagan
701 4542 786 4620 parte
809 4535 886 4598 delle
908 4533 1138 4608 contributioni,
1162 4535 1212 4599 ohi
1233 4557 1293 4599 non
