3167 5125
1200 303 1278 375 283

168 481 228 544 Per
249 485 337 562 parte
361 478 440 544 della
457 480 545 563 quale
561 479 696 563 giudioai
720 481 923 550 contenente,
947 484 978 544 et
994 480 1081 563 quasi
1104 476 1278 543 necessario

84 586 112 650 di
129 587 178 652 far
192 607 321 670 passere
343 608 400 671 per
414 587 566 661 tuttooit.
598 589 656 654 ohe
678 588 738 654 mai
754 589 838 654 losse
853 594 959 671 potuto
976 586 1137 660 aooadere,
1152 584 1278 666 lssuffioio

84 695 275 780 sopradetto,
302 702 386 762 tanto
410 697 462 781 pii
475 696 614 780 gradito,
642 701 754 781 quanto
770 717 828 781 per
841 697 871 761 la
887 697 1085 780 congiontura
1101 695 1179 759 delle
1195 712 1280 766 cose,

85 810 114 871 et
139 805 290 870 infelioita
318 805 396 872 dello
427 810 507 871 stato
531 824 586 870 suo
613 812 775 888 presente,
803 807 887 871 fosse
913 825 1002 871 meno
1030 803 1197 889 preueduto
1211 839 1227 876 ,·
1248 807 1280 866 et

84 919 247 997 aspettato.

172 1021 289 1110 Questo
306 1023 370 1088 solo
394 1023 425 1087 di
441 1021 511 1088 tutti
533 1023 573 1106 gl*
590 1023 718 1090 lllettori
741 1023 831 1090 diedo
855 1024 875 1087 il
891 1024 983 1106 luogo
1006 1022 1039 1087 in
1055 1042 1111 1088 sua
1127 1021 1207 1086 Casa
1229 1019 1277 1085 all'

83 1132 190 1196 anm.
224 1133 271 1198 8¹.
300 1132 400 1196 Proo'-
431 1130 528 1196 omn.
553 1131 700 1205 vertero,
731 1132 779 1197 all'
797 1132 904 1197 anniso
927 1131 1006 1196 dela
1029 1131 1080 1196 oui
1100 1135 1197 1194 morte
1220 1128 1281 1210 egli

86 1241 174 1308 diedo
191 1261 289 1326 segno
311 1241 342 1305 di
360 1260 436 1324 gran
452 1240 573 1314 doloret
591 1241 736 1314 dioendo,
758 1241 817 1306 olre
838 1243 858 1306 il
874 1263 931 1307 sno
954 1240 1058 1307 ualore
1074 1259 1127 1304 era
1143 1244 1222 1305 stato
1241 1257 1281 1302 un

84 1351 227 1416 miraoolo
245 1350 415 1424 dinatum,
432 1371 450 1414 e
467 1351 500 1416 fo
515 1370 591 1415 aneo
608 1350 647 1414 ad
669 1350 842 1416 incontrato
871 1350 934 1415 tn.
953 1351 986 1416 S.
1003 1348 1045 1414 lin
1059 1348 1088 1413 al
1103 1348 1185 1432 piedi
1204 1347 1282 1412 delle

85 1460 176 1532 scale,
200 1478 261 1523 oon
276 1459 527 1532 mormonatione,
543 1480 561 1522 e
577 1458 763 1542 simprouero
780 1458 812 1524 di
826 1459 897 1524 tutti
911 1458 953 1541 gl*
970 1457 1047 1524 altri.

177 1568 304 1633 llDuoa
320 1567 349 1631 di
366 1567 494 1633 Bauiera
512 1586 587 1651 gran
611 1566 787 1633 Senisoaloo
805 1568 854 1633 del
870 1568 966 1633 Sacro
984 1567 1116 1631 Romano
1138 1564 1280 1650 Imperio,

89 1676 115 1740 si
130 1675 189 1760 pull
208 1675 274 1740 dire
290 1675 319 1740 31
335 1675 365 1739 di
382 1674 519 1758 d'hoggi‚
536 1675 685 1758 Pneneipe
702 1676 733 1740 di
747 1681 828 1741 testa
844 1696 937 1741 senna
952 1693 1118 1758 panagone.

174 1784 245 1850 Non
261 1783 325 1848 solo
341 1802 399 1867 per
413 1784 441 1846 le
457 1784 547 1849 molte
569 1785 701 1868 imprese
717 1785 755 1849 da
771 1783 813 1847 lui
829 1785 904 1850 fatte
928 1785 960 1849 io
974 1783 1159 1868 Alemagna,
1184 1804 1202 1848 e
1226 1802 1282 1866 per

87 1892 183 1978 quella
206 1892 239 1956 di
262 1892 361 1976 Praga
382 1892 413 1956 in
428 1892 620 1975 partionem,
648 1913 696 1957 ma
718 1914 776 1976 per
790 1893 888 1958 honor
907 1892 969 1975 egli
989 1900 1115 1975 sapato,
1143 1894 1192 1958 ool
1207 1892 1283 1956 farsi

88 2021 161 2086 oapo
174 2002 206 2067 di
218 2002 262 2067 tal
275 2001 345 2086 qual
363 2003 447 2084 Lego
460 2001 498 2065 de
514 2002 654 2085 Pronoipi
670 2001 821 2074 Cattolici,
833 2001 964 2067 ritrooar
977 2021 1064 2066 meno
1079 2023 1140 2067 non
1154 2003 1216 2068 mai
1231 2001 1283 2084 pin

87 2111 181 2175 inteso
199 2111 231 2175 (li
248 2115 422 2176 mantonere
437 2109 466 2173 lo
483 2110 580 2194 spatio
599 2110 629 2175 di
644 2110 718 2176 tant'
737 2111 808 2176 anni
830 2109 879 2175 all'
896 2109 986 2176 altrui
1008 2129 1100 2193 spese
1116 2110 1236 2175 aforis
1253 2109 1283 2173 di

90 2221 150 2284 solo
182 2221 338 2304 ingegno,
370 2241 461 2286 senza
489 2220 636 2303 aggrauio
664 2221 810 2303 proprio,
838 2220 886 2284 ne'
909 2220 947 2284 de
978 2219 1111 2294 sudditi,
1142 2239 1191 2284 mo
1224 2218 1284 2284 ben

92 2328 157 2392 anai
177 2349 240 2396 oon
262 2329 487 2394 rileuantissimi
502 2328 680 2413 proueoohi,
708 2350 748 2394 un
770 2348 864 2411 oorpo
893 2327 1083 2393 formidabile
1105 2327 1134 2392 d·
1148 2330 1283 2400 Armate,

90 2456 143 2519 per
156 2443 246 2502 tener
260 2437 422 2503 bilanoiate
437 2438 466 2502 le
483 2438 566 2502 forne
583 2438 682 2511 altini,
700 2438 777 2502 etin
795 2435 902 2502 (titlesa
919 2437 957 2502 de
972 2437 1087 2521 proprij
1107 2437 1191 2511 stati,
1216 2459 1233 2501 e
1253 2437 1282 2502 di

90 2546 178 2631 quelli
195 2545 278 2631 degli
293 2545 396 2620 amini,
413 2568 474 2613 non
492 2567 580 2612 meno
604 2545 673 2611 dal·
691 2545 767 2612 armi
782 2545 962 2619 forastiere‚
990 2546 1048 2611 ohe
1064 2547 1143 2612 dalle
1160 2547 1284 2612 ordina-

90 2656 234 2721 riamente
251 2661 405 2739 sospena,
427 2662 458 2721 et
478 2655 553 2721 troi
570 2655 601 2721 in
616 2656 798 2739 particolare
814 2676 934 2739 sempre
949 2657 1056 2738 gelose
1080 2657 1158 2721 dello
1183 2664 1284 2723 stesso

91 2766 282 2849 Imperatore.

177 2874 384 2958 Corrispontle
407 2877 514 2957 questo
538 2873 685 2957 Prenoipe
710 2893 768 2938 oon
791 2874 855 2939 Sua
876 2868 979 2939 Sant‘.
1009 2892 1068 2937 oon
1090 2873 1182 2956 piena
1210 2896 1285 2940 oon·

92 2982 212 3049 titensa.
239 2982 308 3048 Non
329 2981 370 3045 ha
390 2988 483 3066 punto
506 2981 626 3047 inimico
650 2982 670 3046 il
692 2982 936 3048 attinentia.
966 2982 1104 3065 Rispetta
1117 2982 1137 3045 l'
1150 2983 1285 3067 Impera·

91 3098 169 3166 tore,
192 3113 244 3171 ma
259 3092 308 3156 nel
323 3097 406 3156 resto
422 3090 453 3157 n
468 3096 545 3156 tutto
568 3091 586 3155 a
604 3091 693 3156 modo
709 3110 776 3165 suo,
800 3112 818 3156 e
834 3090 984 3165 secondo,
1007 3090 1066 3156 ohe
1081 3092 1135 3174 pil
1149 3093 1182 3159 le
1197 3101 1285 3160 torna

92 3198 223 3267 leonto.
262 3262 264 3269 ,

177 3310 257 3375 onia
273 3307 480 3374 mortalmente
490 3307 512 3370 li
529 3308 712 3391 spagnooli,
737 3309 851 3391 nepot
873 3309 913 3373 sd
927 3310 1018 3373 alcun
1034 3311 1125 3377 modo
1148 3309 1286 3378 sofferire

93 3424 194 3501 questa
209 3417 278 3483 cosi
293 3421 401 3482 stretta
417 3415 591 3498 collegenao
607 3416 675 3481 dell'
692 3418 877 3501 [inperatore
894 3418 1030 3500 Cognato
1047 3438 1106 3484 oon
1122 3422 1185 3484 essi
1209 3421 1284 3487 loro.

93 3525 206 3591 Patisoe
220 3527 270 3591 nel
283 3524 433 3590 uederseli
447 3525 514 3589 cosi
526 3525 627 3597 uicini,
646 3547 663 3589 e
679 3524 739 3589 ben
755 3525 949 3591 oonoseendo
963 3525 1081 3592 d'esser
1096 3528 1166 3592 (lolli
1181 3530 1286 3594 mede·

94 3635 156 3699 simi
171 3635 263 3699 d'una
278 3634 411 3717 pessima
426 3632 620 3698 inclinatione
642 3632 838 3707 rioamhioto‚
866 3633 1022 3717 apprende
1047 3655 1138 3701 oome
1163 3639 1284 3707 fossero

94 3746 221 3826 presenti
236 3746 247 3809 i
264 3744 403 3819 distorti,
420 3743 477 3809 ohe
493 3744 524 3807 in
541 3762 612 3808 oaso
629 3741 660 3807 di
676 3762 732 3808 sua
748 3748 845 3807 morte
861 3743 1037 3809 haueranno
1054 3746 1072 3807 a
1087 3744 1228 3813 rioouere
1245 3750 1284 3815 da

94 3852 150 3915 essi
165 3853 174 3915 i
191 3853 259 3918 suoi
275 3854 396 3937 piooioli
412 3852 547 3936 figliuoli.
566 3851 662 3917 Stima
689 3856 796 3936 questo
819 3850 967 3935 Preneipo
989 3853 1018 3917 13
1040 3855 1141 3920 Sere.
1158 3857 1279 3940 Rep⁰·.,

95 3978 138 4025 mo
148 3961 229 4027 tiene
246 3980 318 4025 seno
334 3962 386 4045 pit
403 3959 461 4023 ohe
477 3960 536 4023 mai
548 3959 618 4025 uiue
633 3960 662 4023 le
678 3980 732 4024 sue
749 3965 954 4042 competente.

177 4071 199 4135 ll
214 4071 302 4136 Duoa
316 4071 451 4135 lllettore
468 4070 498 4132 di
520 4069 665 4137 Sassonia
687 4068 770 4134 Gran
790 4069 978 4135 Maresoaloo
995 4070 1063 4136 dou·
1079 4072 1229 4156 lmperio,
1253 4083 1285 4143 et

95 4194 144 4259 per
156 4180 183 4243 13
199 4180 371 4263 grandense
386 4178 417 4243 di
429 4199 484 4243 sua
496 4180 584 4251 Cosa,
598 4183 629 4241 et
640 4196 696 4259 per
706 4176 891 4259 l'ampiezza,
905 4183 936 4242 et
948 4180 1138 4263 opporiunitt
1150 4182 1189 4247 de
1201 4186 1284 4258 stati,

97 4284 148 4350 ohe
161 4290 308 4372 possode,
326 4291 344 4355 ὸ
360 4289 451 4355 molto
468 4289 588 4353 stimate
605 4286 673 4351 31311
690 4287 891 4369 Imperatore;
919 4308 967 4352 ma
983 4288 1038 4353 n'e
1054 4309 1132 4354 aneo
1151 4292 1201 4357 (131
1219 4313 1285 4357 me·

97 4392 202 4462 desino
223 4398 310 4464 Duea
331 4399 415 4463 assai
436 4398 514 4463 bene
535 4395 729 4480 rioamlriato;
754 4396 884 4461 essendo
908 4396 1035 4462 tuttauia
1052 4399 1141 4481 quell'
1159 4401 1285 4467 Altenza

99 4520 219 4572 nemore
235 4509 273 4572 de
288 4507 429 4590 benefioij
446 4508 523 4571 nollo
539 4506 712 4591 sopradetta
727 4526 782 4571 sua
799 4506 876 4572 Casa
899 4506 966 4569 dall*
982 4508 1166 4589 Imperatore
1183 4510 1283 4575 Carlo
