<?xml version="1.0" encoding="UTF-8"?>
<!DOCTYPE html PUBLIC "-//W3C//DTD XHTML 1.0 Transitional//EN"
    "http://www.w3.org/TR/xhtml1/DTD/xhtml1-transitional.dtd">
<html xmlns="http://www.w3.org/1999/xhtml" xml:lang="en" lang="en">
 <head>
  <title>
</title>
<meta http-equiv="Content-Type" content="text/html;charset=utf-8" />
  <meta name='ocr-system' content='tesseract 3.04.00' />
  <meta name='ocr-capabilities' content='ocr_page ocr_carea ocr_par ocr_line ocrx_word'/>
</head>
<body>
  <div class='ocr_page' id='page_1' title='image "./relationenvenet14fiedgoog_0217.png"; bbox 0 0 3167 5125; ppageno 0'>
   <div class='ocr_carea' id='block_1_1' title="bbox 1166 357 1240 430">
    <p class='ocr_par' dir='ltr' id='par_1_1' title="bbox 1166 357 1240 430">
     <span class='ocr_line' id='line_1_1' title="bbox 1166 357 1240 430; baseline 0.054 -4"><span class='ocrx_word' id='word_1_1' title='bbox 1166 357 1240 430; x_wconf 77' lang='grc'><strong>163</strong></span> 
     </span>
    </p>
   </div>
   <div class='ocr_carea' id='block_1_2' title="bbox 12 514 1306 2343">
    <p class='ocr_par' dir='ltr' id='par_1_2' title="bbox 12 514 1238 1018">
     <span class='ocr_line' id='line_1_2' title="bbox 144 514 1236 606; baseline 0.005 -21"><span class='ocrx_word' id='word_1_2' title='bbox 144 522 202 585; x_wconf 86' lang='lat' dir='ltr'><strong>Per</strong></span> <span class='ocrx_word' id='word_1_3' title='bbox 217 521 249 584; x_wconf 87' lang='lat' dir='ltr'><strong>le</strong></span> <span class='ocrx_word' id='word_1_4' title='bbox 263 540 373 604; x_wconf 86' lang='lat' dir='ltr'><strong>guerre</strong></span> <span class='ocrx_word' id='word_1_5' title='bbox 389 527 521 604; x_wconf 79' lang='lat' dir='ltr'><strong>possete„</strong></span> <span class='ocrx_word' id='word_1_6' title='bbox 538 527 568 585; x_wconf 90' lang='lat' dir='ltr'><strong>et</strong></span> <span class='ocrx_word' id='word_1_7' title='bbox 583 540 638 603; x_wconf 90' lang='lat' dir='ltr'><strong>per</strong></span> <span class='ocrx_word' id='word_1_8' title='bbox 652 523 680 585; x_wconf 89' lang='lat' dir='ltr'><strong>le</strong></span> <span class='ocrx_word' id='word_1_9' title='bbox 697 524 886 606; x_wconf 79' lang='lat' dir='ltr'><strong>oppressioni</strong></span> <span class='ocrx_word' id='word_1_10' title='bbox 903 525 933 588; x_wconf 85' lang='lat' dir='ltr'><strong>di</strong></span> <span class='ocrx_word' id='word_1_11' title='bbox 949 532 1031 592; x_wconf 85' lang='lat' dir='ltr'><strong>tente</strong></span> <span class='ocrx_word' id='word_1_12' title='bbox 1047 514 1165 601; x_wconf 79' lang='lat' dir='ltr'><strong>militie,¹</strong></span> <span class='ocrx_word' id='word_1_13' title='bbox 1179 529 1236 592; x_wconf 89' lang='lat' dir='ltr'><strong>ebe</strong></span> 
     </span>
     <span class='ocr_line' id='line_1_3' title="bbox 12 629 1238 715; baseline 0.005 -21"><span class='ocrx_word' id='word_1_14' title='bbox 12 675 13 678; x_wconf 63' lang='lat'>,</span> <span class='ocrx_word' id='word_1_15' title='bbox 43 630 77 694; x_wconf 88' lang='lat' dir='ltr'><strong>ni</strong></span> <span class='ocrx_word' id='word_1_16' title='bbox 90 630 128 692; x_wconf 80' lang='lat' dir='ltr'><strong>bi</strong></span> <span class='ocrx_word' id='word_1_17' title='bbox 140 633 313 694; x_wconf 82' lang='lat' dir='ltr'><strong>mentenuto</strong></span> <span class='ocrx_word' id='word_1_18' title='bbox 326 629 528 713; x_wconf 81' lang='lat' dir='ltr'><strong>l&#39;lmperntore</strong></span> <span class='ocrx_word' id='word_1_19' title='bbox 541 632 693 711; x_wconf 84' lang='lat' dir='ltr'><strong>presente.</strong></span> <span class='ocrx_word' id='word_1_20' title='bbox 709 629 736 693; x_wconf 88' lang='lat' dir='ltr'><strong>si</strong></span> <span class='ocrx_word' id='word_1_21' title='bbox 747 637 865 695; x_wconf 83' lang='lat' dir='ltr'><strong>ottrone</strong></span> <span class='ocrx_word' id='word_1_22' title='bbox 876 634 1091 715; x_wconf 85' lang='lat' dir='ltr'><strong>grendemente</strong></span> <span class='ocrx_word' id='word_1_23' title='bbox 1105 642 1238 710; x_wconf 75' lang='lat' dir='ltr'><strong>esensta,</strong></span> 
     </span>
     <span class='ocr_line' id='line_1_4' title="bbox 12 736 1237 822; baseline 0.006 -20"><span class='ocrx_word' id='word_1_24' title='bbox 12 758 13 822; x_wconf 81' lang='lat' dir='ltr'><strong>j</strong></span> <span class='ocrx_word' id='word_1_25' title='bbox 43 744 82 802; x_wconf 85' lang='lat' dir='ltr'><strong>et</strong></span> <span class='ocrx_word' id='word_1_26' title='bbox 103 737 270 802; x_wconf 85' lang='lat' dir='ltr'><strong>indebolito</strong></span> <span class='ocrx_word' id='word_1_27' title='bbox 292 736 322 800; x_wconf 89' lang='lat' dir='ltr'><strong>di</strong></span> <span class='ocrx_word' id='word_1_28' title='bbox 345 738 445 810; x_wconf 82' lang='lat' dir='ltr'><strong>forne,</strong></span> <span class='ocrx_word' id='word_1_29' title='bbox 476 737 496 800; x_wconf 91' lang='lat' dir='ltr'><strong>il</strong></span> <span class='ocrx_word' id='word_1_30' title='bbox 520 736 576 800; x_wconf 90' lang='lat' dir='ltr'><strong>ebe</strong></span> <span class='ocrx_word' id='word_1_31' title='bbox 598 736 719 802; x_wconf 82' lang='lat' dir='ltr'><strong>siseris</strong></span> <span class='ocrx_word' id='word_1_32' title='bbox 742 739 808 802; x_wconf 82' lang='lat' dir='ltr'><strong>anzi</strong></span> <span class='ocrx_word' id='word_1_33' title='bbox 824 739 983 815; x_wconf 77' lang='lat' dir='ltr'><strong>dinei-tito,</strong></span> <span class='ocrx_word' id='word_1_34' title='bbox 1010 764 1046 807; x_wconf 88' lang='lat' dir='ltr'><strong>se</strong></span> <span class='ocrx_word' id='word_1_35' title='bbox 1066 744 1091 807; x_wconf 92' lang='lat' dir='ltr'><strong>si</strong></span> <span class='ocrx_word' id='word_1_36' title='bbox 1107 745 1237 809; x_wconf 85' lang='lat' dir='ltr'><strong>beuesse</strong></span> 
     </span>
     <span class='ocr_line' id='line_1_5' title="bbox 12 836 1237 935; baseline 0.003 -25"><span class='ocrx_word' id='word_1_37' title='bbox 12 836 13 840; x_wconf 28' lang='lat'>¹</span> <span class='ocrx_word' id='word_1_38' title='bbox 46 846 160 910; x_wconf 78' lang='lat' dir='ltr'><strong>beruto</strong></span> <span class='ocrx_word' id='word_1_39' title='bbox 189 845 265 908; x_wconf 83' lang='lat' dir='ltr'><strong>mim</strong></span> <span class='ocrx_word' id='word_1_40' title='bbox 292 845 420 910; x_wconf 84' lang='lat' dir='ltr'><strong>sibene</strong></span> <span class='ocrx_word' id='word_1_41' title='bbox 448 844 525 908; x_wconf 84' lang='lat' dir='ltr'><strong>delle</strong></span> <span class='ocrx_word' id='word_1_42' title='bbox 541 844 753 918; x_wconf 76' lang='lat' dir='ltr'><strong>Christianitb,</strong></span> <span class='ocrx_word' id='word_1_43' title='bbox 776 851 807 910; x_wconf 89' lang='lat' dir='ltr'><strong>et</strong></span> <span class='ocrx_word' id='word_1_44' title='bbox 827 847 1018 914; x_wconf 79' lang='lat' dir='ltr'><strong>considerato</strong></span> <span class='ocrx_word' id='word_1_45' title='bbox 1035 851 1082 915; x_wconf 86' lang='lat' dir='ltr'><strong>eib</strong></span> <span class='ocrx_word' id='word_1_46' title='bbox 1099 853 1155 916; x_wconf 86' lang='lat' dir='ltr'><strong>ebe</strong></span> <span class='ocrx_word' id='word_1_47' title='bbox 1178 851 1237 935; x_wconf 84' lang='lat' dir='ltr'><strong>pub</strong></span> 
     </span>
     <span class='ocr_line' id='line_1_6' title="bbox 12 953 504 1018; baseline -0.002 -1"><span class='ocrx_word' id='word_1_48' title='bbox 12 1005 13 1010; x_wconf 30' lang='lat'>1</span> <span class='ocrx_word' id='word_1_49' title='bbox 46 954 199 1018; x_wconf 86' lang='lat' dir='ltr'><strong>suoeeder</strong></span> <span class='ocrx_word' id='word_1_50' title='bbox 214 954 306 1018; x_wconf 85' lang='lat' dir='ltr'><strong>molto</strong></span> <span class='ocrx_word' id='word_1_51' title='bbox 324 953 504 1016; x_wconf 85' lang='lat' dir='ltr'><strong>feoilmente.</strong></span> 
     </span>
    </p>

    <p class='ocr_par' dir='ltr' id='par_1_3' title="bbox 12 1051 1306 2343">
     <span class='ocr_line' id='line_1_7' title="bbox 12 1051 1240 1157; baseline 0.007 -32"><span class='ocrx_word' id='word_1_52' title='bbox 12 1051 13 1104; x_wconf 78' lang='grc' dir='ltr'>ἶ</span> <span class='ocrx_word' id='word_1_53' title='bbox 130 1063 179 1126; x_wconf 81' lang='lat' dir='ltr'><strong>be</strong></span> <span class='ocrx_word' id='word_1_54' title='bbox 203 1062 341 1146; x_wconf 81' lang='lat' dir='ltr'><strong>soprestb</strong></span> <span class='ocrx_word' id='word_1_55' title='bbox 364 1063 393 1125; x_wconf 81' lang='lat' dir='ltr'><strong>le</strong></span> <span class='ocrx_word' id='word_1_56' title='bbox 408 1068 536 1144; x_wconf 75' lang='lat' dir='ltr'><strong>potense</strong></span> <span class='ocrx_word' id='word_1_57' title='bbox 564 1066 726 1134; x_wconf 81' lang='lat' dir='ltr'><strong>ottonem,</strong></span> <span class='ocrx_word' id='word_1_58' title='bbox 754 1063 812 1126; x_wconf 90' lang='lat' dir='ltr'><strong>obe</strong></span> <span class='ocrx_word' id='word_1_59' title='bbox 838 1083 913 1147; x_wconf 85' lang='lat' dir='ltr'><strong>pere</strong></span> <span class='ocrx_word' id='word_1_60' title='bbox 943 1065 1017 1130; x_wconf 88' lang='lat' dir='ltr'><strong>resti</strong></span> <span class='ocrx_word' id='word_1_61' title='bbox 1045 1067 1240 1157; x_wconf 72' lang='lat' dir='ltr'><strong>mimeolose·</strong></span> 
     </span>
     <span class='ocr_line' id='line_1_8' title="bbox 47 1169 1240 1258; baseline 0.005 -24"><span class='ocrx_word' id='word_1_62' title='bbox 47 1176 144 1236; x_wconf 88' lang='lat' dir='ltr'><strong>mente</strong></span> <span class='ocrx_word' id='word_1_63' title='bbox 168 1170 306 1234; x_wconf 83' lang='lat' dir='ltr'><strong>eeieontn</strong></span> <span class='ocrx_word' id='word_1_64' title='bbox 330 1169 526 1233; x_wconf 80' lang='lat' dir='ltr'><strong>deileDiuino</strong></span> <span class='ocrx_word' id='word_1_65' title='bbox 537 1169 738 1242; x_wconf 83' lang='lat' dir='ltr'><strong>Prouidenze,</strong></span> <span class='ocrx_word' id='word_1_66' title='bbox 770 1174 835 1236; x_wconf 83' lang='lat' dir='ltr'><strong>oosi</strong></span> <span class='ocrx_word' id='word_1_67' title='bbox 858 1171 916 1234; x_wconf 91' lang='lat' dir='ltr'><strong>ebe</strong></span> <span class='ocrx_word' id='word_1_68' title='bbox 938 1194 997 1237; x_wconf 92' lang='lat' dir='ltr'><strong>non</strong></span> <span class='ocrx_word' id='word_1_69' title='bbox 1012 1176 1091 1239; x_wconf 88' lang='lat' dir='ltr'><strong>uede</strong></span> <span class='ocrx_word' id='word_1_70' title='bbox 1106 1177 1126 1240; x_wconf 91' lang='lat' dir='ltr'><strong>il</strong></span> <span class='ocrx_word' id='word_1_71' title='bbox 1142 1177 1240 1258; x_wconf 83' lang='lat' dir='ltr'><strong>colpe,</strong></span> 
     </span>
     <span class='ocr_line' id='line_1_9' title="bbox 52 1277 1242 1363; baseline 0.001 -18"><span class='ocrx_word' id='word_1_72' title='bbox 52 1281 102 1346; x_wconf 90' lang='lat' dir='ltr'><strong>ebe</strong></span> <span class='ocrx_word' id='word_1_73' title='bbox 118 1280 274 1363; x_wconf 79' lang='lat' dir='ltr'><strong>potrebbe</strong></span> <span class='ocrx_word' id='word_1_74' title='bbox 289 1278 441 1351; x_wconf 78' lang='lat' dir='ltr'><strong>inser-irie,</strong></span> <span class='ocrx_word' id='word_1_75' title='bbox 456 1277 569 1361; x_wconf 81' lang='lat' dir='ltr'><strong>perche</strong></span> <span class='ocrx_word' id='word_1_76' title='bbox 592 1278 679 1342; x_wconf 79' lang='lat' dir='ltr'><strong>troile</strong></span> <span class='ocrx_word' id='word_1_77' title='bbox 696 1278 737 1361; x_wconf 91' lang='lat' dir='ltr'><strong>gli</strong></span> <span class='ocrx_word' id='word_1_78' title='bbox 754 1279 942 1344; x_wconf 88' lang='lat' dir='ltr'><strong>riuseirebbe</strong></span> <span class='ocrx_word' id='word_1_79' title='bbox 958 1303 1049 1347; x_wconf 85' lang='lat' dir='ltr'><strong>senne</strong></span> <span class='ocrx_word' id='word_1_80' title='bbox 1065 1285 1177 1348; x_wconf 87' lang='lat' dir='ltr'><strong>dubbio</strong></span> <span class='ocrx_word' id='word_1_81' title='bbox 1194 1287 1242 1347; x_wconf 88' lang='lat' dir='ltr'><strong>nel</strong></span> 
     </span>
     <span class='ocr_line' id='line_1_10' title="bbox 50 1385 1244 1477; baseline 0.003 -25"><span class='ocrx_word' id='word_1_82' title='bbox 50 1390 143 1472; x_wconf 89' lang='lat' dir='ltr'><strong>primo</strong></span> <span class='ocrx_word' id='word_1_83' title='bbox 161 1393 256 1452; x_wconf 79' lang='lat' dir='ltr'><strong>tmtto</strong></span> <span class='ocrx_word' id='word_1_84' title='bbox 272 1387 496 1470; x_wconf 81' lang='lat' dir='ltr'><strong>l&#39;impatronirsi</strong></span> <span class='ocrx_word' id='word_1_85' title='bbox 511 1386 559 1450; x_wconf 89' lang='lat' dir='ltr'><strong>del</strong></span> <span class='ocrx_word' id='word_1_86' title='bbox 583 1393 666 1450; x_wconf 86' lang='lat' dir='ltr'><strong>resto</strong></span> <span class='ocrx_word' id='word_1_87' title='bbox 683 1385 750 1450; x_wconf 80' lang='lat' dir='ltr'><strong>dell·</strong></span> <span class='ocrx_word' id='word_1_88' title='bbox 765 1387 919 1470; x_wconf 69' lang='lat' dir='ltr'><strong>&#39;osgar-n,</strong></span> <span class='ocrx_word' id='word_1_89' title='bbox 950 1406 1042 1473; x_wconf 81' lang='lat' dir='ltr'><strong>paese</strong></span> <span class='ocrx_word' id='word_1_90' title='bbox 1059 1412 1171 1474; x_wconf 89' lang='lat' dir='ltr'><strong>pouero</strong></span> <span class='ocrx_word' id='word_1_91' title='bbox 1188 1413 1244 1477; x_wconf 89' lang='lat' dir='ltr'><strong>per</strong></span> 
     </span>
     <span class='ocr_line' id='line_1_11' title="bbox 48 1483 1300 1584; baseline 0.002 -21"><span class='ocrx_word' id='word_1_92' title='bbox 48 1497 210 1569; x_wconf 82' lang='lat' dir='ltr'><strong>ordinario,</strong></span> <span class='ocrx_word' id='word_1_93' title='bbox 224 1496 272 1560; x_wconf 75' lang='lat' dir='ltr'><strong>mb</strong></span> <span class='ocrx_word' id='word_1_94' title='bbox 282 1495 410 1561; x_wconf 87' lang='lat' dir='ltr'><strong>resonisi</strong></span> <span class='ocrx_word' id='word_1_95' title='bbox 422 1493 572 1576; x_wconf 81' lang='lat' dir='ltr'><strong>tentopiir‚</strong></span> <span class='ocrx_word' id='word_1_96' title='bbox 584 1494 853 1578; x_wconf 83' lang='lat' dir='ltr'><strong>perbauerdiessa</strong></span> <span class='ocrx_word' id='word_1_97' title='bbox 868 1499 1003 1563; x_wconf 86' lang='lat' dir='ltr'><strong>suebinto</strong></span> <span class='ocrx_word' id='word_1_98' title='bbox 1013 1483 1243 1584; x_wconf 60' lang='lat' dir='ltr'><strong>ilgibl’renffipe</strong></span> <span class='ocrx_word' id='word_1_99' title='bbox 1296 1539 1300 1545; x_wconf 94' lang='lat'>·</span> 
     </span>
     <span class='ocr_line' id='line_1_12' title="bbox 49 1581 1244 1688; baseline 0.001 -17"><span class='ocrx_word' id='word_1_100' title='bbox 49 1607 167 1678; x_wconf 78' lang='lat' dir='ltr'><strong>babor,</strong></span> <span class='ocrx_word' id='word_1_101' title='bbox 201 1610 318 1668; x_wconf 81' lang='lat' dir='ltr'><strong>mentre</strong></span> <span class='ocrx_word' id='word_1_102' title='bbox 332 1581 527 1686; x_wconf 71' lang='lat' dir='ltr'><strong>&#39;guerreggib</strong></span> <span class='ocrx_word' id='word_1_103' title='bbox 556 1603 603 1667; x_wconf 88' lang='lat' dir='ltr'><strong>ool</strong></span> <span class='ocrx_word' id='word_1_104' title='bbox 630 1610 773 1686; x_wconf 82' lang='lat' dir='ltr'><strong>presente</strong></span> <span class='ocrx_word' id='word_1_105' title='bbox 789 1605 988 1688; x_wconf 57' lang='lat' dir='ltr'><strong>Mperatorm</strong></span> <span class='ocrx_word' id='word_1_106' title='bbox 1015 1609 1133 1676; x_wconf 89' lang='lat' dir='ltr'><strong>intorno</strong></span> <span class='ocrx_word' id='word_1_107' title='bbox 1156 1611 1173 1674; x_wconf 74' lang='lat' dir='ltr'><strong>b</strong></span> <span class='ocrx_word' id='word_1_108' title='bbox 1197 1619 1244 1675; x_wconf 89' lang='lat' dir='ltr'><strong>tre</strong></span> 
     </span>
     <span class='ocr_line' id='line_1_13' title="bbox 51 1711 1244 1793; baseline 0 -15"><span class='ocrx_word' id='word_1_109' title='bbox 51 1714 185 1778; x_wconf 74' lang='lat' dir='ltr'><strong>milliens</strong></span> <span class='ocrx_word' id='word_1_110' title='bbox 201 1713 233 1775; x_wconf 85' lang='lat' dir='ltr'><strong>oi</strong></span> <span class='ocrx_word' id='word_1_111' title='bbox 250 1732 312 1784; x_wconf 88' lang='lat' dir='ltr'><strong>oro,</strong></span> <span class='ocrx_word' id='word_1_112' title='bbox 329 1712 386 1775; x_wconf 91' lang='lat' dir='ltr'><strong>obe</strong></span> <span class='ocrx_word' id='word_1_113' title='bbox 409 1711 559 1793; x_wconf 82' lang='lat' dir='ltr'><strong>tresportb</strong></span> <span class='ocrx_word' id='word_1_114' title='bbox 575 1711 606 1775; x_wconf 89' lang='lat' dir='ltr'><strong>in</strong></span> <span class='ocrx_word' id='word_1_115' title='bbox 618 1712 836 1785; x_wconf 82' lang='lat' dir='ltr'><strong>Transilnonin,</strong></span> <span class='ocrx_word' id='word_1_116' title='bbox 852 1717 998 1779; x_wconf 82' lang='lat' dir='ltr'><strong>contenti</strong></span> <span class='ocrx_word' id='word_1_117' title='bbox 1013 1718 1081 1782; x_wconf 80' lang='lat' dir='ltr'><strong>nitri</strong></span> <span class='ocrx_word' id='word_1_118' title='bbox 1096 1715 1244 1784; x_wconf 86' lang='lat' dir='ltr'><strong>disordini</strong></span> 
     </span>
     <span class='ocr_line' id='line_1_14' title="bbox 51 1819 1243 1904; baseline 0.003 -18"><span class='ocrx_word' id='word_1_119' title='bbox 51 1824 80 1889; x_wconf 90' lang='lat' dir='ltr'><strong>in</strong></span> <span class='ocrx_word' id='word_1_120' title='bbox 96 1825 177 1889; x_wconf 89' lang='lat' dir='ltr'><strong>oltre</strong></span> <span class='ocrx_word' id='word_1_121' title='bbox 195 1844 211 1886; x_wconf 90' lang='lat' dir='ltr'><strong>e</strong></span> <span class='ocrx_word' id='word_1_122' title='bbox 229 1822 306 1886; x_wconf 90' lang='lat' dir='ltr'><strong>nelle</strong></span> <span class='ocrx_word' id='word_1_123' title='bbox 322 1819 525 1886; x_wconf 77' lang='lat' dir='ltr'><strong>fortificationi</strong></span> <span class='ocrx_word' id='word_1_124' title='bbox 548 1819 624 1884; x_wconf 88' lang='lat' dir='ltr'><strong>delle</strong></span> <span class='ocrx_word' id='word_1_125' title='bbox 640 1821 738 1903; x_wconf 89' lang='lat' dir='ltr'><strong>poobe</strong></span> <span class='ocrx_word' id='word_1_126' title='bbox 758 1822 861 1904; x_wconf 84' lang='lat' dir='ltr'><strong>pierre</strong></span> <span class='ocrx_word' id='word_1_127' title='bbox 877 1823 936 1887; x_wconf 90' lang='lat' dir='ltr'><strong>ebe</strong></span> <span class='ocrx_word' id='word_1_128' title='bbox 950 1825 978 1888; x_wconf 92' lang='lat' dir='ltr'><strong>le</strong></span> <span class='ocrx_word' id='word_1_129' title='bbox 994 1833 1133 1901; x_wconf 83' lang='lat' dir='ltr'><strong>resteno,</strong></span> <span class='ocrx_word' id='word_1_130' title='bbox 1161 1851 1178 1892; x_wconf 89' lang='lat' dir='ltr'><strong>e</strong></span> <span class='ocrx_word' id='word_1_131' title='bbox 1195 1827 1243 1891; x_wconf 89' lang='lat' dir='ltr'><strong>nei</strong></span> 
     </span>
     <span class='ocr_line' id='line_1_15' title="bbox 48 1926 1244 2020; baseline 0.003 -22"><span class='ocrx_word' id='word_1_132' title='bbox 48 1931 212 2018; x_wconf 87' lang='lat' dir='ltr'><strong>pressidij‚</strong></span> <span class='ocrx_word' id='word_1_133' title='bbox 245 1929 302 1993; x_wconf 90' lang='lat' dir='ltr'><strong>ohe</strong></span> <span class='ocrx_word' id='word_1_134' title='bbox 318 1929 336 1992; x_wconf 79' lang='lat' dir='ltr'><strong>b</strong></span> <span class='ocrx_word' id='word_1_135' title='bbox 351 1948 429 2011; x_wconf 87' lang='lat' dir='ltr'><strong>pene</strong></span> <span class='ocrx_word' id='word_1_136' title='bbox 445 1930 471 1992; x_wconf 91' lang='lat' dir='ltr'><strong>si</strong></span> <span class='ocrx_word' id='word_1_137' title='bbox 488 1949 618 2012; x_wconf 89' lang='lat' dir='ltr'><strong>possono</strong></span> <span class='ocrx_word' id='word_1_138' title='bbox 635 1930 751 1994; x_wconf 80' lang='lat' dir='ltr'><strong>crerier.</strong></span> <span class='ocrx_word' id='word_1_139' title='bbox 781 1931 849 1995; x_wconf 90' lang='lat' dir='ltr'><strong>Non</strong></span> <span class='ocrx_word' id='word_1_140' title='bbox 871 1926 1044 1998; x_wconf 87' lang='lat' dir='ltr'><strong>bauerebbe</strong></span> <span class='ocrx_word' id='word_1_141' title='bbox 1059 1936 1244 2020; x_wconf 77' lang='lat' dir='ltr'><strong>l&#39;Imperntor</strong></span> 
     </span>
     <span class='ocr_line' id='line_1_16' title="bbox 12 2028 1306 2130; baseline 0.003 -22"><span class='ocrx_word' id='word_1_142' title='bbox 12 2046 13 2130; x_wconf 18' lang='grc' dir='ltr'>ᾗ</span> <span class='ocrx_word' id='word_1_143' title='bbox 50 2045 134 2108; x_wconf 78' lang='lat' dir='ltr'><strong>forre</strong></span> <span class='ocrx_word' id='word_1_144' title='bbox 150 2039 276 2124; x_wconf 81' lang='lat' dir='ltr'><strong>proprie</strong></span> <span class='ocrx_word' id='word_1_145' title='bbox 291 2058 346 2122; x_wconf 90' lang='lat' dir='ltr'><strong>per</strong></span> <span class='ocrx_word' id='word_1_146' title='bbox 362 2037 545 2110; x_wconf 82' lang='lat' dir='ltr'><strong>diffendersi,</strong></span> <span class='ocrx_word' id='word_1_147' title='bbox 569 2059 628 2102; x_wconf 90' lang='lat' dir='ltr'><strong>non</strong></span> <span class='ocrx_word' id='word_1_148' title='bbox 643 2038 790 2122; x_wconf 84' lang='lat' dir='ltr'><strong>potrebbe</strong></span> <span class='ocrx_word' id='word_1_149' title='bbox 806 2047 941 2123; x_wconf 82' lang='lat' dir='ltr'><strong>espetter</strong></span> <span class='ocrx_word' id='word_1_150' title='bbox 956 2043 1029 2107; x_wconf 86' lang='lat' dir='ltr'><strong>ninti</strong></span> <span class='ocrx_word' id='word_1_151' title='bbox 1042 2044 1091 2108; x_wconf 87' lang='lat' dir='ltr'><strong>dei</strong></span> <span class='ocrx_word' id='word_1_152' title='bbox 1107 2045 1246 2128; x_wconf 87' lang='lat' dir='ltr'><strong>Preneipi</strong></span> <span class='ocrx_word' id='word_1_153' title='bbox 1305 2028 1306 2031; x_wconf 8' lang='grc' dir='ltr'><strong>Ἴ</strong></span> 
     </span>
     <span class='ocr_line' id='line_1_17' title="bbox 52 2147 1246 2232; baseline 0.003 -17.87"><span class='ocrx_word' id='word_1_154' title='bbox 52 2151 121 2216; x_wconf 80' lang='lat' dir='ltr'><strong>nell·</strong></span> <span class='ocrx_word' id='word_1_155' title='bbox 146 2148 296 2232; x_wconf 82' lang='lat' dir='ltr'><strong>imperio,</strong></span> <span class='ocrx_word' id='word_1_156' title='bbox 324 2147 442 2230; x_wconf 82' lang='lat' dir='ltr'><strong>quondo</strong></span> <span class='ocrx_word' id='word_1_157' title='bbox 463 2166 540 2210; x_wconf 83' lang='lat' dir='ltr'><strong>oneo</strong></span> <span class='ocrx_word' id='word_1_158' title='bbox 565 2149 734 2220; x_wconf 87' lang='lat' dir='ltr'><strong>uolessero,</strong></span> <span class='ocrx_word' id='word_1_159' title='bbox 763 2168 819 2231; x_wconf 88' lang='lat' dir='ltr'><strong>per</strong></span> <span class='ocrx_word' id='word_1_160' title='bbox 835 2171 921 2215; x_wconf 89' lang='lat' dir='ltr'><strong>esser</strong></span> <span class='ocrx_word' id='word_1_161' title='bbox 948 2153 1052 2218; x_wconf 88' lang='lat' dir='ltr'><strong>ridotti</strong></span> <span class='ocrx_word' id='word_1_162' title='bbox 1067 2154 1098 2218; x_wconf 88' lang='lat' dir='ltr'><strong>in</strong></span> <span class='ocrx_word' id='word_1_163' title='bbox 1115 2161 1246 2220; x_wconf 85' lang='lat' dir='ltr'><strong>estreme</strong></span> 
     </span>
     <span class='ocr_line' id='line_1_18' title="bbox 12 2238 1247 2343; baseline 0.002 -20"><span class='ocrx_word' id='word_1_164' title='bbox 12 2238 14 2241; x_wconf 68' lang='lat'>‚</span> <span class='ocrx_word' id='word_1_165' title='bbox 48 2258 219 2330; x_wconf 50' lang='lat' dir='ltr'><strong>miseriae</strong></span> <span class='ocrx_word' id='word_1_166' title='bbox 236 2255 403 2327; x_wconf 62' lang='lat' dir='ltr'><strong>recessim,</strong></span> <span class='ocrx_word' id='word_1_167' title='bbox 418 2254 467 2318; x_wconf 82' lang='lat' dir='ltr'><strong>mb</strong></span> <span class='ocrx_word' id='word_1_168' title='bbox 483 2274 557 2320; x_wconf 91' lang='lat' dir='ltr'><strong>sono</strong></span> <span class='ocrx_word' id='word_1_169' title='bbox 574 2255 604 2319; x_wconf 90' lang='lat' dir='ltr'><strong>di</strong></span> <span class='ocrx_word' id='word_1_170' title='bbox 626 2256 714 2320; x_wconf 87' lang='lat' dir='ltr'><strong>modo</strong></span> <span class='ocrx_word' id='word_1_171' title='bbox 729 2256 758 2320; x_wconf 89' lang='lat' dir='ltr'><strong>le</strong></span> <span class='ocrx_word' id='word_1_172' title='bbox 773 2258 911 2340; x_wconf 80' lang='lat' dir='ltr'><strong>maggior</strong></span> <span class='ocrx_word' id='word_1_173' title='bbox 926 2267 1012 2343; x_wconf 85' lang='lat' dir='ltr'><strong>parte</strong></span> <span class='ocrx_word' id='word_1_174' title='bbox 1029 2261 1202 2343; x_wconf 83' lang='lat' dir='ltr'><strong>disgnsteti,</strong></span> <span class='ocrx_word' id='word_1_175' title='bbox 1215 2270 1247 2326; x_wconf 91' lang='lat' dir='ltr'><strong>et</strong></span> 
     </span>
    </p>
   </div>
   <div class='ocr_carea' id='block_1_3' title="bbox 12 2363 1248 2556">
    <p class='ocr_par' dir='ltr' id='par_1_4' title="bbox 12 2363 1248 2575">
     <span class='ocr_line' id='line_1_19' title="bbox 12 2363 1246 2452; baseline 0.002 -20"><span class='ocrx_word' id='word_1_176' title='bbox 12 2395 13 2400; x_wconf 45' lang='lat'>¹</span> <span class='ocrx_word' id='word_1_177' title='bbox 50 2365 209 2452; x_wconf 74' lang='lat' dir='ltr'><strong>dispertiti,</strong></span> <span class='ocrx_word' id='word_1_178' title='bbox 227 2364 295 2436; x_wconf 86' lang='lat' dir='ltr'><strong>obe,</strong></span> <span class='ocrx_word' id='word_1_179' title='bbox 311 2363 430 2447; x_wconf 77' lang='lat' dir='ltr'><strong>qunnrb</strong></span> <span class='ocrx_word' id='word_1_180' title='bbox 447 2384 507 2427; x_wconf 93' lang='lat' dir='ltr'><strong>non</strong></span> <span class='ocrx_word' id='word_1_181' title='bbox 523 2363 548 2425; x_wconf 88' lang='lat' dir='ltr'><strong>si</strong></span> <span class='ocrx_word' id='word_1_182' title='bbox 561 2368 719 2445; x_wconf 86' lang='lat' dir='ltr'><strong>potessero</strong></span> <span class='ocrx_word' id='word_1_183' title='bbox 737 2365 857 2429; x_wconf 87' lang='lat' dir='ltr'><strong>soleuar</strong></span> <span class='ocrx_word' id='word_1_184' title='bbox 872 2367 903 2430; x_wconf 92' lang='lat' dir='ltr'><strong>in</strong></span> <span class='ocrx_word' id='word_1_185' title='bbox 915 2368 990 2433; x_wconf 85' lang='lat' dir='ltr'><strong>altre</strong></span> <span class='ocrx_word' id='word_1_186' title='bbox 1002 2370 1147 2443; x_wconf 80' lang='lat' dir='ltr'><strong>moriere,</strong></span> <span class='ocrx_word' id='word_1_187' title='bbox 1158 2391 1246 2435; x_wconf 91' lang='lat' dir='ltr'><strong>meno</strong></span> 
     </span>
     <span class='ocr_line' id='line_1_20' title="bbox 47 2470 1248 2556; baseline 0.002 -15.915"><span class='ocrx_word' id='word_1_188' title='bbox 47 2474 247 2540; x_wconf 75' lang='lat' dir='ltr'><strong>ebhoririsno</strong></span> <span class='ocrx_word' id='word_1_189' title='bbox 263 2472 284 2535; x_wconf 91' lang='lat' dir='ltr'><strong>il</strong></span> <span class='ocrx_word' id='word_1_190' title='bbox 300 2470 431 2536; x_wconf 91' lang='lat' dir='ltr'><strong>dominio</strong></span> <span class='ocrx_word' id='word_1_191' title='bbox 448 2470 486 2534; x_wconf 87' lang='lat' dir='ltr'><strong>de</strong></span> <span class='ocrx_word' id='word_1_192' title='bbox 501 2471 615 2534; x_wconf 86' lang='lat' dir='ltr'><strong>Turohi</strong></span> <span class='ocrx_word' id='word_1_193' title='bbox 630 2471 660 2534; x_wconf 88' lang='lat' dir='ltr'><strong>di</strong></span> <span class='ocrx_word' id='word_1_194' title='bbox 678 2472 786 2556; x_wconf 84' lang='lat' dir='ltr'><strong>quello,</strong></span> <span class='ocrx_word' id='word_1_195' title='bbox 807 2473 864 2536; x_wconf 90' lang='lat' dir='ltr'><strong>ebe</strong></span> <span class='ocrx_word' id='word_1_196' title='bbox 880 2475 1026 2541; x_wconf 78' lang='lat' dir='ltr'><strong>ineenono</strong></span> <span class='ocrx_word' id='word_1_197' title='bbox 1041 2477 1070 2542; x_wconf 83' lang='lat' dir='ltr'><strong>le</strong></span> <span class='ocrx_word' id='word_1_198' title='bbox 1086 2479 1201 2544; x_wconf 84' lang='lat' dir='ltr'><strong>seruitb</strong></span> <span class='ocrx_word' id='word_1_199' title='bbox 1216 2479 1248 2543; x_wconf 91' lang='lat' dir='ltr'><strong>in</strong></span> 
     </span>
    </p>
   </div>
   <div class='ocr_carea' id='block_1_4' title="bbox 12 2578 1252 4297">
    <p class='ocr_par' dir='ltr' id='par_1_5' title="bbox 12 2578 585 2671">
     <span class='ocr_line' id='line_1_21' title="bbox 54 2578 585 2664; baseline -0.012 -13.513"><span class='ocrx_word' id='word_1_200' title='bbox 54 2586 113 2651; x_wconf 87' lang='lat' dir='ltr'><strong>ebe</strong></span> <span class='ocrx_word' id='word_1_201' title='bbox 130 2604 185 2648; x_wconf 82' lang='lat' dir='ltr'><strong>ero</strong></span> <span class='ocrx_word' id='word_1_202' title='bbox 200 2581 323 2646; x_wconf 86' lang='lat' dir='ltr'><strong>inmersi</strong></span> <span class='ocrx_word' id='word_1_203' title='bbox 335 2600 412 2664; x_wconf 83' lang='lat' dir='ltr'><strong>poso</strong></span> <span class='ocrx_word' id='word_1_204' title='bbox 428 2586 529 2664; x_wconf 89' lang='lat' dir='ltr'><strong>tempo</strong></span> <span class='ocrx_word' id='word_1_205' title='bbox 545 2578 585 2644; x_wconf 78' lang='lat' dir='ltr'><strong>n.</strong></span> 
     </span>
    </p>

    <p class='ocr_par' dir='ltr' id='par_1_6' title="bbox 12 2688 1252 4297">
     <span class='ocr_line' id='line_1_22' title="bbox 147 2688 1247 2777; baseline 0.004 -22"><span class='ocrx_word' id='word_1_206' title='bbox 147 2690 280 2755; x_wconf 80' lang='lat' dir='ltr'><strong>Henerei</strong></span> <span class='ocrx_word' id='word_1_207' title='bbox 307 2689 399 2771; x_wconf 76' lang='lat' dir='ltr'><strong>molto</strong></span> <span class='ocrx_word' id='word_1_208' title='bbox 421 2688 479 2753; x_wconf 87' lang='lat' dir='ltr'><strong>ebe</strong></span> <span class='ocrx_word' id='word_1_209' title='bbox 501 2688 565 2753; x_wconf 87' lang='lat' dir='ltr'><strong>dire</strong></span> <span class='ocrx_word' id='word_1_210' title='bbox 587 2688 618 2752; x_wconf 86' lang='lat' dir='ltr'><strong>di</strong></span> <span class='ocrx_word' id='word_1_211' title='bbox 633 2690 707 2754; x_wconf 86' lang='lat' dir='ltr'><strong>tanti</strong></span> <span class='ocrx_word' id='word_1_212' title='bbox 722 2690 861 2774; x_wconf 87' lang='lat' dir='ltr'><strong>Preneipi</strong></span> <span class='ocrx_word' id='word_1_213' title='bbox 876 2691 906 2756; x_wconf 89' lang='lat' dir='ltr'><strong>di</strong></span> <span class='ocrx_word' id='word_1_214' title='bbox 922 2697 986 2757; x_wconf 85' lang='lat' dir='ltr'><strong>eosi</strong></span> <span class='ocrx_word' id='word_1_215' title='bbox 998 2714 1073 2777; x_wconf 79' lang='lat' dir='ltr'><strong>gron</strong></span> <span class='ocrx_word' id='word_1_216' title='bbox 1088 2696 1247 2761; x_wconf 86' lang='lat' dir='ltr'><strong>Prouineie</strong></span> 
     </span>
     <span class='ocr_line' id='line_1_23' title="bbox 54 2796 1249 2874; baseline 0.003 -8"><span class='ocrx_word' id='word_1_217' title='bbox 54 2798 281 2871; x_wconf 77' lang='lat' dir='ltr'><strong>beelesiestiei,</strong></span> <span class='ocrx_word' id='word_1_218' title='bbox 298 2796 437 2869; x_wconf 81' lang='lat' dir='ltr'><strong>seeolori,</strong></span> <span class='ocrx_word' id='word_1_219' title='bbox 454 2796 526 2860; x_wconf 76' lang='lat' dir='ltr'><strong>ritib</strong></span> <span class='ocrx_word' id='word_1_220' title='bbox 540 2797 675 2869; x_wconf 85' lang='lat' dir='ltr'><strong>trenebe,</strong></span> <span class='ocrx_word' id='word_1_221' title='bbox 692 2804 722 2861; x_wconf 90' lang='lat' dir='ltr'><strong>et</strong></span> <span class='ocrx_word' id='word_1_222' title='bbox 737 2798 921 2874; x_wconf 83' lang='lat' dir='ltr'><strong>Ansietiobe,</strong></span> <span class='ocrx_word' id='word_1_223' title='bbox 936 2808 968 2867; x_wconf 89' lang='lat' dir='ltr'><strong>et</strong></span> <span class='ocrx_word' id='word_1_224' title='bbox 984 2803 1031 2867; x_wconf 90' lang='lat' dir='ltr'><strong>del</strong></span> <span class='ocrx_word' id='word_1_225' title='bbox 1043 2805 1175 2870; x_wconf 81' lang='lat' dir='ltr'><strong>Palatino</strong></span> <span class='ocrx_word' id='word_1_226' title='bbox 1192 2806 1249 2869; x_wconf 92' lang='lat' dir='ltr'><strong>im·</strong></span> 
     </span>
     <span class='ocr_line' id='line_1_24' title="bbox 56 2904 1247 2997; baseline 0.003 -23"><span class='ocrx_word' id='word_1_227' title='bbox 56 2905 326 2993; x_wconf 68' lang='lat' dir='ltr'><strong>pertinerere-eho</strong></span> <span class='ocrx_word' id='word_1_228' title='bbox 343 2904 418 2969; x_wconf 84' lang='lat' dir='ltr'><strong>ende</strong></span> <span class='ocrx_word' id='word_1_229' title='bbox 430 2904 461 2968; x_wconf 94' lang='lat' dir='ltr'><strong>in</strong></span> <span class='ocrx_word' id='word_1_230' title='bbox 476 2924 552 2987; x_wconf 83' lang='lat' dir='ltr'><strong>gran</strong></span> <span class='ocrx_word' id='word_1_231' title='bbox 568 2906 819 2980; x_wconf 58' lang='lat' dir='ltr'><strong>consideratione</strong></span> <span class='ocrx_word' id='word_1_232' title='bbox 836 2910 934 2991; x_wconf 88' lang='lat' dir='ltr'><strong>potrei</strong></span> <span class='ocrx_word' id='word_1_233' title='bbox 951 2910 1139 2975; x_wconf 83' lang='lat' dir='ltr'><strong>diffondermi</strong></span> <span class='ocrx_word' id='word_1_234' title='bbox 1156 2933 1247 2997; x_wconf 77' lang='lat' dir='ltr'><strong>sopra</strong></span> 
     </span>
     <span class='ocr_line' id='line_1_25' title="bbox 58 3012 1250 3096; baseline 0.003 -14"><span class='ocrx_word' id='word_1_235' title='bbox 58 3018 166 3083; x_wconf 88' lang='lat' dir='ltr'><strong>leloro</strong></span> <span class='ocrx_word' id='word_1_236' title='bbox 184 3018 279 3087; x_wconf 83' lang='lat' dir='ltr'><strong>forne,</strong></span> <span class='ocrx_word' id='word_1_237' title='bbox 295 3012 447 3087; x_wconf 87' lang='lat' dir='ltr'><strong>interessi,</strong></span> <span class='ocrx_word' id='word_1_238' title='bbox 463 3014 612 3096; x_wconf 82' lang='lat' dir='ltr'><strong>religioni,</strong></span> <span class='ocrx_word' id='word_1_239' title='bbox 631 3013 731 3096; x_wconf 92' lang='lat' dir='ltr'><strong>legbe,</strong></span> <span class='ocrx_word' id='word_1_240' title='bbox 748 3021 779 3079; x_wconf 90' lang='lat' dir='ltr'><strong>et</strong></span> <span class='ocrx_word' id='word_1_241' title='bbox 794 3015 900 3089; x_wconf 82' lang='lat' dir='ltr'><strong>effetti,</strong></span> <span class='ocrx_word' id='word_1_242' title='bbox 916 3019 964 3083; x_wconf 81' lang='lat' dir='ltr'><strong>nrb</strong></span> <span class='ocrx_word' id='word_1_243' title='bbox 980 3020 1151 3085; x_wconf 84' lang='lat' dir='ltr'><strong>conuenirei</strong></span> <span class='ocrx_word' id='word_1_244' title='bbox 1165 3042 1250 3085; x_wconf 90' lang='lat' dir='ltr'><strong>esser</strong></span> 
     </span>
     <span class='ocr_line' id='line_1_26' title="bbox 61 3122 1250 3213; baseline 0.003 -24"><span class='ocrx_word' id='word_1_245' title='bbox 61 3125 275 3196; x_wconf 85' lang='lat' dir='ltr'><strong>tediosissimo,</strong></span> <span class='ocrx_word' id='word_1_246' title='bbox 307 3124 384 3187; x_wconf 84' lang='lat' dir='ltr'><strong>onde</strong></span> <span class='ocrx_word' id='word_1_247' title='bbox 400 3123 429 3185; x_wconf 95' lang='lat' dir='ltr'><strong>io</strong></span> <span class='ocrx_word' id='word_1_248' title='bbox 445 3122 484 3185; x_wconf 86' lang='lat' dir='ltr'><strong>bb</strong></span> <span class='ocrx_word' id='word_1_249' title='bbox 500 3122 641 3187; x_wconf 87' lang='lat' dir='ltr'><strong>rissoluto</strong></span> <span class='ocrx_word' id='word_1_250' title='bbox 668 3122 697 3185; x_wconf 90' lang='lat' dir='ltr'><strong>di</strong></span> <span class='ocrx_word' id='word_1_251' title='bbox 713 3130 939 3199; x_wconf 84' lang='lat' dir='ltr'><strong>estenermene,</strong></span> <span class='ocrx_word' id='word_1_252' title='bbox 966 3146 1051 3192; x_wconf 87' lang='lat' dir='ltr'><strong>corne</strong></span> <span class='ocrx_word' id='word_1_253' title='bbox 1067 3130 1107 3191; x_wconf 89' lang='lat' dir='ltr'><strong>mi</strong></span> <span class='ocrx_word' id='word_1_254' title='bbox 1123 3149 1195 3213; x_wconf 87' lang='lat' dir='ltr'><strong>pare</strong></span> <span class='ocrx_word' id='word_1_255' title='bbox 1219 3130 1250 3193; x_wconf 85' lang='lat' dir='ltr'><strong>di</strong></span> 
     </span>
     <span class='ocr_line' id='line_1_27' title="bbox 60 3230 1251 3315; baseline 0.003 -18"><span class='ocrx_word' id='word_1_256' title='bbox 60 3253 143 3297; x_wconf 87' lang='lat' dir='ltr'><strong>esser</strong></span> <span class='ocrx_word' id='word_1_257' title='bbox 167 3237 275 3297; x_wconf 89' lang='lat' dir='ltr'><strong>tenuto</strong></span> <span class='ocrx_word' id='word_1_258' title='bbox 303 3231 334 3295; x_wconf 87' lang='lat' dir='ltr'><strong>di</strong></span> <span class='ocrx_word' id='word_1_259' title='bbox 360 3232 490 3313; x_wconf 84' lang='lat' dir='ltr'><strong>porterle</strong></span> <span class='ocrx_word' id='word_1_260' title='bbox 517 3230 549 3293; x_wconf 92' lang='lat' dir='ltr'><strong>in</strong></span> <span class='ocrx_word' id='word_1_261' title='bbox 575 3230 761 3295; x_wconf 89' lang='lat' dir='ltr'><strong>breuisseme</strong></span> <span class='ocrx_word' id='word_1_262' title='bbox 788 3234 891 3315; x_wconf 82' lang='lat' dir='ltr'><strong>parole</strong></span> <span class='ocrx_word' id='word_1_263' title='bbox 913 3234 1160 3310; x_wconf 81' lang='lat' dir='ltr'><strong>l’informatione,</strong></span> <span class='ocrx_word' id='word_1_264' title='bbox 1193 3236 1251 3301; x_wconf 90' lang='lat' dir='ltr'><strong>ebe</strong></span> 
     </span>
     <span class='ocr_line' id='line_1_28' title="bbox 57 3340 1250 3432; baseline 0.003 -25"><span class='ocrx_word' id='word_1_265' title='bbox 57 3343 174 3408; x_wconf 87' lang='lat' dir='ltr'><strong>rioeuei</strong></span> <span class='ocrx_word' id='word_1_266' title='bbox 188 3344 219 3408; x_wconf 88' lang='lat' dir='ltr'><strong>in</strong></span> <span class='ocrx_word' id='word_1_267' title='bbox 233 3341 327 3406; x_wconf 83' lang='lat' dir='ltr'><strong>Viene</strong></span> <span class='ocrx_word' id='word_1_268' title='bbox 342 3342 380 3405; x_wconf 86' lang='lat' dir='ltr'><strong>dn</strong></span> <span class='ocrx_word' id='word_1_269' title='bbox 395 3340 446 3423; x_wconf 81' lang='lat' dir='ltr'><strong>piir</strong></span> <span class='ocrx_word' id='word_1_270' title='bbox 459 3340 603 3423; x_wconf 86' lang='lat' dir='ltr'><strong>soggetti,</strong></span> <span class='ocrx_word' id='word_1_271' title='bbox 616 3341 714 3404; x_wconf 87' lang='lat' dir='ltr'><strong>obelo</strong></span> <span class='ocrx_word' id='word_1_272' title='bbox 729 3362 986 3427; x_wconf 83' lang='lat' dir='ltr'><strong>possonosepere‚</strong></span> <span class='ocrx_word' id='word_1_273' title='bbox 1003 3347 1079 3410; x_wconf 84' lang='lat' dir='ltr'><strong>delle</strong></span> <span class='ocrx_word' id='word_1_274' title='bbox 1096 3348 1216 3432; x_wconf 77' lang='lat' dir='ltr'><strong>qualitb,</strong></span> <span class='ocrx_word' id='word_1_275' title='bbox 1233 3370 1250 3411; x_wconf 93' lang='lat' dir='ltr'><strong>e</strong></span> 
     </span>
     <span class='ocr_line' id='line_1_29' title="bbox 12 3449 1251 3539; baseline 0.005 -24"><span class='ocrx_word' id='word_1_276' title='bbox 12 3488 13 3501; x_wconf 32' lang='grc' dir='ltr'><strong>κ</strong></span> <span class='ocrx_word' id='word_1_277' title='bbox 49 3452 227 3517; x_wconf 83' lang='lat' dir='ltr'><strong>eonditioni</strong></span> <span class='ocrx_word' id='word_1_278' title='bbox 244 3451 292 3515; x_wconf 87' lang='lat' dir='ltr'><strong>del</strong></span> <span class='ocrx_word' id='word_1_279' title='bbox 308 3450 351 3514; x_wconf 73' lang='lat' dir='ltr'><strong>Re</strong></span> <span class='ocrx_word' id='word_1_280' title='bbox 379 3450 408 3513; x_wconf 88' lang='lat' dir='ltr'><strong>di</strong></span> <span class='ocrx_word' id='word_1_281' title='bbox 434 3450 557 3521; x_wconf 85' lang='lat' dir='ltr'><strong>Suetie,</strong></span> <span class='ocrx_word' id='word_1_282' title='bbox 585 3450 641 3513; x_wconf 92' lang='lat' dir='ltr'><strong>ebe</strong></span> <span class='ocrx_word' id='word_1_283' title='bbox 658 3449 804 3515; x_wconf 79' lang='lat' dir='ltr'><strong>s&#39;ettroue</strong></span> <span class='ocrx_word' id='word_1_284' title='bbox 826 3452 854 3515; x_wconf 83' lang='lat' dir='ltr'><strong>ai</strong></span> <span class='ocrx_word' id='word_1_285' title='bbox 876 3460 1020 3536; x_wconf 83' lang='lat' dir='ltr'><strong>presente</strong></span> <span class='ocrx_word' id='word_1_286' title='bbox 1034 3456 1066 3519; x_wconf 93' lang='lat' dir='ltr'><strong>in</strong></span> <span class='ocrx_word' id='word_1_287' title='bbox 1081 3463 1169 3539; x_wconf 92' lang='lat' dir='ltr'><strong>posto</strong></span> <span class='ocrx_word' id='word_1_288' title='bbox 1186 3460 1251 3521; x_wconf 86' lang='lat' dir='ltr'><strong>eosi</strong></span> 
     </span>
     <span class='ocr_line' id='line_1_30' title="bbox 12 3557 1250 3641; baseline 0.004 -17"><span class='ocrx_word' id='word_1_289' title='bbox 12 3596 13 3605; x_wconf 25' lang='grc' dir='ltr'><strong>κ</strong></span> <span class='ocrx_word' id='word_1_290' title='bbox 58 3561 223 3631; x_wconf 88' lang='lat' dir='ltr'><strong>eminente,</strong></span> <span class='ocrx_word' id='word_1_291' title='bbox 241 3580 258 3621; x_wconf 93' lang='lat' dir='ltr'><strong>e</strong></span> <span class='ocrx_word' id='word_1_292' title='bbox 273 3558 499 3641; x_wconf 84' lang='lat' dir='ltr'><strong>rignerdenole;</strong></span> <span class='ocrx_word' id='word_1_293' title='bbox 516 3557 535 3620; x_wconf 93' lang='lat' dir='ltr'><strong>il</strong></span> <span class='ocrx_word' id='word_1_294' title='bbox 552 3577 606 3621; x_wconf 89' lang='lat' dir='ltr'><strong>suo</strong></span> <span class='ocrx_word' id='word_1_295' title='bbox 623 3577 711 3622; x_wconf 89' lang='lat' dir='ltr'><strong>nome</strong></span> <span class='ocrx_word' id='word_1_296' title='bbox 728 3559 745 3621; x_wconf 76' lang='lat' dir='ltr'><strong>b</strong></span> <span class='ocrx_word' id='word_1_297' title='bbox 762 3558 907 3633; x_wconf 74' lang='lat' dir='ltr'><strong>(instruo,</strong></span> <span class='ocrx_word' id='word_1_298' title='bbox 924 3560 981 3625; x_wconf 89' lang='lat' dir='ltr'><strong>obe</strong></span> <span class='ocrx_word' id='word_1_299' title='bbox 998 3562 1149 3627; x_wconf 77' lang='lat' dir='ltr'><strong>s‘osserna</strong></span> <span class='ocrx_word' id='word_1_300' title='bbox 1164 3585 1250 3629; x_wconf 88' lang='lat' dir='ltr'><strong>esser</strong></span> 
     </span>
     <span class='ocr_line' id='line_1_31' title="bbox 58 3664 1250 3751; baseline 0.003 -18"><span class='ocrx_word' id='word_1_301' title='bbox 58 3673 217 3751; x_wconf 89' lang='lat' dir='ltr'><strong>eomposto</strong></span> <span class='ocrx_word' id='word_1_302' title='bbox 240 3665 309 3729; x_wconf 77' lang='lat' dir='ltr'><strong>deli&#39;</strong></span> <span class='ocrx_word' id='word_1_303' title='bbox 326 3664 436 3730; x_wconf 85' lang='lat' dir='ltr'><strong>istesso</strong></span> <span class='ocrx_word' id='word_1_304' title='bbox 451 3666 560 3728; x_wconf 86' lang='lat' dir='ltr'><strong>lettere</strong></span> <span class='ocrx_word' id='word_1_305' title='bbox 576 3684 631 3747; x_wconf 93' lang='lat' dir='ltr'><strong>per</strong></span> <span class='ocrx_word' id='word_1_306' title='bbox 646 3671 788 3747; x_wconf 82' lang='lat' dir='ltr'><strong>apporto,</strong></span> <span class='ocrx_word' id='word_1_307' title='bbox 821 3666 878 3729; x_wconf 89' lang='lat' dir='ltr'><strong>ebe</strong></span> <span class='ocrx_word' id='word_1_308' title='bbox 893 3669 1046 3750; x_wconf 74' lang='lat' dir='ltr'><strong>Angust03</strong></span> <span class='ocrx_word' id='word_1_309' title='bbox 1063 3671 1081 3734; x_wconf 77' lang='lat' dir='ltr'><strong>e</strong></span> <span class='ocrx_word' id='word_1_310' title='bbox 1097 3671 1128 3733; x_wconf 87' lang='lat' dir='ltr'><strong>di</strong></span> <span class='ocrx_word' id='word_1_311' title='bbox 1144 3673 1206 3736; x_wconf 76' lang='lat' dir='ltr'><strong>ettb</strong></span> <span class='ocrx_word' id='word_1_312' title='bbox 1219 3673 1250 3736; x_wconf 89' lang='lat' dir='ltr'><strong>di</strong></span> 
     </span>
     <span class='ocr_line' id='line_1_32' title="bbox 57 3772 1249 3862; baseline 0.003 -21"><span class='ocrx_word' id='word_1_313' title='bbox 57 3776 100 3842; x_wconf 72' lang='lat' dir='ltr'><strong>to</strong></span> <span class='ocrx_word' id='word_1_314' title='bbox 116 3776 190 3840; x_wconf 84' lang='lat' dir='ltr'><strong>enni</strong></span> <span class='ocrx_word' id='word_1_315' title='bbox 205 3775 331 3846; x_wconf 72' lang='lat' dir='ltr'><strong>ineirom</strong></span> <span class='ocrx_word' id='word_1_316' title='bbox 347 3773 462 3856; x_wconf 57' lang='lat' dir='ltr'><strong>pande</strong></span> <span class='ocrx_word' id='word_1_317' title='bbox 478 3772 507 3835; x_wconf 88' lang='lat' dir='ltr'><strong>di</strong></span> <span class='ocrx_word' id='word_1_318' title='bbox 525 3778 655 3844; x_wconf 74' lang='lat' dir='ltr'><strong>stature,</strong></span> <span class='ocrx_word' id='word_1_319' title='bbox 679 3773 709 3835; x_wconf 86' lang='lat' dir='ltr'><strong>di</strong></span> <span class='ocrx_word' id='word_1_320' title='bbox 724 3774 792 3856; x_wconf 92' lang='lat' dir='ltr'><strong>pelo</strong></span> <span class='ocrx_word' id='word_1_321' title='bbox 809 3773 931 3847; x_wconf 86' lang='lat' dir='ltr'><strong>biondo,</strong></span> <span class='ocrx_word' id='word_1_322' title='bbox 948 3798 966 3839; x_wconf 92' lang='lat' dir='ltr'><strong>e</strong></span> <span class='ocrx_word' id='word_1_323' title='bbox 983 3777 1012 3841; x_wconf 90' lang='lat' dir='ltr'><strong>di</strong></span> <span class='ocrx_word' id='word_1_324' title='bbox 1030 3781 1249 3862; x_wconf 83' lang='lat' dir='ltr'><strong>complessione</strong></span> 
     </span>
     <span class='ocr_line' id='line_1_33' title="bbox 12 3880 1250 3955; baseline 0.005 -6"><span class='ocrx_word' id='word_1_325' title='bbox 12 3930 13 3933; x_wconf 19' lang='grc' dir='ltr'><strong>κ</strong></span> <span class='ocrx_word' id='word_1_326' title='bbox 59 3885 150 3950; x_wconf 85' lang='lat' dir='ltr'><strong>molto</strong></span> <span class='ocrx_word' id='word_1_327' title='bbox 167 3884 309 3953; x_wconf 86' lang='lat' dir='ltr'><strong>robuste;</strong></span> <span class='ocrx_word' id='word_1_328' title='bbox 327 3884 345 3946; x_wconf 75' lang='lat' dir='ltr'><strong>b</strong></span> <span class='ocrx_word' id='word_1_329' title='bbox 361 3881 458 3947; x_wconf 84' lang='lat' dir='ltr'><strong>alieno</strong></span> <span class='ocrx_word' id='word_1_330' title='bbox 476 3880 513 3945; x_wconf 86' lang='lat' dir='ltr'><strong>de</strong></span> <span class='ocrx_word' id='word_1_331' title='bbox 531 3880 645 3953; x_wconf 89' lang='lat' dir='ltr'><strong>delitie,</strong></span> <span class='ocrx_word' id='word_1_332' title='bbox 662 3886 692 3945; x_wconf 89' lang='lat' dir='ltr'><strong>et</strong></span> <span class='ocrx_word' id='word_1_333' title='bbox 707 3881 792 3953; x_wconf 83' lang='lat' dir='ltr'><strong>inssi,</strong></span> <span class='ocrx_word' id='word_1_334' title='bbox 821 3884 951 3948; x_wconf 89' lang='lat' dir='ltr'><strong>essendo</strong></span> <span class='ocrx_word' id='word_1_335' title='bbox 968 3887 1056 3949; x_wconf 90' lang='lat' dir='ltr'><strong>solito</strong></span> <span class='ocrx_word' id='word_1_336' title='bbox 1074 3888 1103 3949; x_wconf 90' lang='lat' dir='ltr'><strong>di</strong></span> <span class='ocrx_word' id='word_1_337' title='bbox 1120 3890 1250 3955; x_wconf 88' lang='lat' dir='ltr'><strong>dormire</strong></span> 
     </span>
     <span class='ocr_line' id='line_1_34' title="bbox 58 3989 1252 4075; baseline 0.003 -18"><span class='ocrx_word' id='word_1_338' title='bbox 58 3994 173 4059; x_wconf 89' lang='lat' dir='ltr'><strong>innolto</strong></span> <span class='ocrx_word' id='word_1_339' title='bbox 190 3992 222 4056; x_wconf 93' lang='lat' dir='ltr'><strong>in</strong></span> <span class='ocrx_word' id='word_1_340' title='bbox 238 3991 354 4056; x_wconf 81' lang='lat' dir='ltr'><strong>selrede</strong></span> <span class='ocrx_word' id='word_1_341' title='bbox 371 4009 461 4072; x_wconf 80' lang='lat' dir='ltr'><strong>sopra</strong></span> <span class='ocrx_word' id='word_1_342' title='bbox 477 3990 586 4060; x_wconf 77' lang='lat' dir='ltr'><strong>temolo,</strong></span> <span class='ocrx_word' id='word_1_343' title='bbox 603 3989 698 4053; x_wconf 91' lang='lat' dir='ltr'><strong>uestir</strong></span> <span class='ocrx_word' id='word_1_344' title='bbox 714 4009 770 4072; x_wconf 90' lang='lat' dir='ltr'><strong>per</strong></span> <span class='ocrx_word' id='word_1_345' title='bbox 785 3990 1196 4075; x_wconf 80' lang='lat' dir='ltr'><strong>ordinariopositinemente,</strong></span> <span class='ocrx_word' id='word_1_346' title='bbox 1221 4005 1252 4061; x_wconf 89' lang='lat' dir='ltr'><strong>et</strong></span> 
     </span>
     <span class='ocr_line' id='line_1_35' title="bbox 60 4096 1250 4181; baseline 0.006 -16"><span class='ocrx_word' id='word_1_347' title='bbox 60 4101 152 4167; x_wconf 79' lang='lat' dir='ltr'><strong>boner</strong></span> <span class='ocrx_word' id='word_1_348' title='bbox 165 4102 244 4165; x_wconf 82' lang='lat' dir='ltr'><strong>nelle</strong></span> <span class='ocrx_word' id='word_1_349' title='bbox 256 4119 311 4163; x_wconf 84' lang='lat' dir='ltr'><strong>sne</strong></span> <span class='ocrx_word' id='word_1_350' title='bbox 326 4098 427 4163; x_wconf 86' lang='lat' dir='ltr'><strong>tenola</strong></span> <span class='ocrx_word' id='word_1_351' title='bbox 441 4097 549 4181; x_wconf 85' lang='lat' dir='ltr'><strong>ponbe,</strong></span> <span class='ocrx_word' id='word_1_352' title='bbox 567 4102 598 4160; x_wconf 92' lang='lat' dir='ltr'><strong>et</strong></span> <span class='ocrx_word' id='word_1_353' title='bbox 614 4096 762 4161; x_wconf 80' lang='lat' dir='ltr'><strong>ordinarie</strong></span> <span class='ocrx_word' id='word_1_354' title='bbox 775 4097 921 4170; x_wconf 72' lang='lat' dir='ltr'><strong>uiuendo:</strong></span> <span class='ocrx_word' id='word_1_355' title='bbox 937 4106 1028 4165; x_wconf 78' lang='lat' dir='ltr'><strong>trettn</strong></span> <span class='ocrx_word' id='word_1_356' title='bbox 1044 4124 1101 4168; x_wconf 90' lang='lat' dir='ltr'><strong>eon</strong></span> <span class='ocrx_word' id='word_1_357' title='bbox 1117 4106 1250 4171; x_wconf 85' lang='lat' dir='ltr'><strong>eadeuno</strong></span> 
     </span>
     <span class='ocr_line' id='line_1_36' title="bbox 61 4204 1250 4297; baseline 0.003 -21"><span class='ocrx_word' id='word_1_358' title='bbox 61 4231 117 4276; x_wconf 88' lang='lat' dir='ltr'><strong>oon</strong></span> <span class='ocrx_word' id='word_1_359' title='bbox 141 4230 257 4275; x_wconf 85' lang='lat' dir='ltr'><strong>somme</strong></span> <span class='ocrx_word' id='word_1_360' title='bbox 273 4207 436 4278; x_wconf 81' lang='lat' dir='ltr'><strong>bumanitb,</strong></span> <span class='ocrx_word' id='word_1_361' title='bbox 454 4228 471 4271; x_wconf 92' lang='lat' dir='ltr'><strong>e</strong></span> <span class='ocrx_word' id='word_1_362' title='bbox 488 4204 745 4278; x_wconf 84' lang='lat' dir='ltr'><strong>domestiobezzs;</strong></span> <span class='ocrx_word' id='word_1_363' title='bbox 774 4226 903 4288; x_wconf 80' lang='lat' dir='ltr'><strong>apprese</strong></span> <span class='ocrx_word' id='word_1_364' title='bbox 918 4209 946 4271; x_wconf 84' lang='lat' dir='ltr'><strong>ln</strong></span> <span class='ocrx_word' id='word_1_365' title='bbox 966 4210 1062 4292; x_wconf 85' lang='lat' dir='ltr'><strong>prima</strong></span> <span class='ocrx_word' id='word_1_366' title='bbox 1078 4216 1250 4297; x_wconf 81' lang='lat' dir='ltr'><strong>cognitione</strong></span> 
     </span>
    </p>
   </div>
   <div class='ocr_carea' id='block_1_5' title="bbox 60 4313 1370 4395">
    <p class='ocr_par' dir='ltr' id='par_1_7' title="bbox 60 4313 1370 4395">
     <span class='ocr_line' id='line_1_37' title="bbox 60 4313 1370 4395; baseline 0.001 -11"><span class='ocrx_word' id='word_1_367' title='bbox 60 4318 126 4383; x_wconf 81' lang='lat' dir='ltr'><strong>dell&#39;</strong></span> <span class='ocrx_word' id='word_1_368' title='bbox 143 4326 209 4384; x_wconf 83' lang='lat' dir='ltr'><strong>erte</strong></span> <span class='ocrx_word' id='word_1_369' title='bbox 221 4316 351 4381; x_wconf 81' lang='lat' dir='ltr'><strong>militare</strong></span> <span class='ocrx_word' id='word_1_370' title='bbox 367 4321 446 4379; x_wconf 89' lang='lat' dir='ltr'><strong>sotto</strong></span> <span class='ocrx_word' id='word_1_371' title='bbox 462 4313 481 4378; x_wconf 89' lang='lat' dir='ltr'><strong>il</strong></span> <span class='ocrx_word' id='word_1_372' title='bbox 498 4314 548 4395; x_wconf 81' lang='lat' dir='ltr'><strong>gib</strong></span> <span class='ocrx_word' id='word_1_373' title='bbox 560 4314 706 4395; x_wconf 89' lang='lat' dir='ltr'><strong>Preneipe</strong></span> <span class='ocrx_word' id='word_1_374' title='bbox 722 4314 860 4380; x_wconf 83' lang='lat' dir='ltr'><strong>Mauritio</strong></span> <span class='ocrx_word' id='word_1_375' title='bbox 874 4314 1046 4390; x_wconf 65' lang='lat' dir='ltr'><strong>notassem</strong></span> <span class='ocrx_word' id='word_1_376' title='bbox 1059 4321 1137 4388; x_wconf 89' lang='lat' dir='ltr'><strong>ende</strong></span> <span class='ocrx_word' id='word_1_377' title='bbox 1152 4324 1250 4388; x_wconf 91' lang='lat' dir='ltr'><strong>bebbe</strong></span> <span class='ocrx_word' id='word_1_378' title='bbox 1367 4352 1370 4357; x_wconf 96' lang='lat'>·</span> 
     </span>
    </p>
   </div>
   <div class='ocr_carea' id='block_1_6' title="bbox 59 4421 1249 4618">
    <p class='ocr_par' dir='ltr' id='par_1_8' title="bbox 59 4421 1249 4618">
     <span class='ocr_line' id='line_1_38' title="bbox 59 4421 1249 4513; baseline 0.002 -20"><span class='ocrx_word' id='word_1_379' title='bbox 59 4428 220 4494; x_wconf 84' lang='lat' dir='ltr'><strong>oeensione</strong></span> <span class='ocrx_word' id='word_1_380' title='bbox 248 4425 327 4489; x_wconf 84' lang='lat' dir='ltr'><strong>nella</strong></span> <span class='ocrx_word' id='word_1_381' title='bbox 354 4442 464 4506; x_wconf 82' lang='lat' dir='ltr'><strong>guerra</strong></span> <span class='ocrx_word' id='word_1_382' title='bbox 492 4442 549 4485; x_wconf 89' lang='lat' dir='ltr'><strong>oon</strong></span> <span class='ocrx_word' id='word_1_383' title='bbox 565 4421 698 4493; x_wconf 83' lang='lat' dir='ltr'><strong>Poleobi,</strong></span> <span class='ocrx_word' id='word_1_384' title='bbox 723 4421 753 4484; x_wconf 86' lang='lat' dir='ltr'><strong>di</strong></span> <span class='ocrx_word' id='word_1_385' title='bbox 780 4423 854 4485; x_wconf 87' lang='lat' dir='ltr'><strong>sarsi</strong></span> <span class='ocrx_word' id='word_1_386' title='bbox 881 4443 1031 4488; x_wconf 86' lang='lat' dir='ltr'><strong>eonoseer</strong></span> <span class='ocrx_word' id='word_1_387' title='bbox 1057 4432 1249 4513; x_wconf 84' lang='lat' dir='ltr'><strong>osneggioso,</strong></span> 
     </span>
     <span class='ocr_line' id='line_1_39' title="bbox 60 4528 1248 4618; baseline 0.003 -17"><span class='ocrx_word' id='word_1_388' title='bbox 60 4538 208 4609; x_wconf 83' lang='lat' dir='ltr'><strong>naloroso‚</strong></span> <span class='ocrx_word' id='word_1_389' title='bbox 221 4557 237 4598; x_wconf 92' lang='lat' dir='ltr'><strong>e</strong></span> <span class='ocrx_word' id='word_1_390' title='bbox 252 4533 411 4617; x_wconf 86' lang='lat' dir='ltr'><strong>prudente,</strong></span> <span class='ocrx_word' id='word_1_391' title='bbox 429 4537 459 4594; x_wconf 89' lang='lat' dir='ltr'><strong>et</strong></span> <span class='ocrx_word' id='word_1_392' title='bbox 471 4530 604 4613; x_wconf 85' lang='lat' dir='ltr'><strong>eqnister</strong></span> <span class='ocrx_word' id='word_1_393' title='bbox 617 4529 664 4592; x_wconf 91' lang='lat' dir='ltr'><strong>nel</strong></span> <span class='ocrx_word' id='word_1_394' title='bbox 679 4528 787 4593; x_wconf 89' lang='lat' dir='ltr'><strong>mondo</strong></span> <span class='ocrx_word' id='word_1_395' title='bbox 800 4550 875 4611; x_wconf 81' lang='lat' dir='ltr'><strong>gran</strong></span> <span class='ocrx_word' id='word_1_396' title='bbox 887 4532 1013 4604; x_wconf 78' lang='lat' dir='ltr'><strong>credito,</strong></span> <span class='ocrx_word' id='word_1_397' title='bbox 1026 4557 1042 4597; x_wconf 89' lang='lat' dir='ltr'><strong>e</strong></span> <span class='ocrx_word' id='word_1_398' title='bbox 1054 4536 1248 4618; x_wconf 83' lang='lat' dir='ltr'><strong>riputatione:</strong></span> 
     </span>
    </p>
   </div>
   <div class='ocr_carea' id='block_1_7' title="bbox 981 4658 1035 4712">
    <p class='ocr_par' dir='ltr' id='par_1_9' title="bbox 981 4658 1035 4712">
     <span class='ocr_line' id='line_1_40' title="bbox 981 4658 1035 4712; baseline 0 0"><span class='ocrx_word' id='word_1_399' title='bbox 981 4658 1035 4712; x_wconf 76' lang='grc' dir='ltr'><strong>ΙΙ*</strong></span> 
     </span>
    </p>
   </div>
   <div class='ocr_carea' id='block_1_8' title="bbox 0 0 1601 5125">
    <p class='ocr_par' dir='ltr' id='par_1_10' title="bbox 0 0 1601 5125">
     <span class='ocr_line' id='line_1_41' title="bbox 0 0 1601 5125; baseline 0 0"><span class='ocrx_word' id='word_1_400' title='bbox 0 0 1601 5125; x_wconf 95' lang='lat' dir='ltr'><strong> </strong></span> 
     </span>
    </p>
   </div>
  </div>
 </body>
</html>
